;; -*- mode: org; mode: beancount; -*-
;; Birth: 1980-05-12
;; Dates: 2015-01-01 - 2017-12-05
;; THIS FILE HAS BEEN AUTO-GENERATED.
* Options

option "title" "Example Beancount file"
option "operating_currency" "USD"




* Commodities


1792-01-01 commodity USD
  export: "CASH"
  name: "US Dollar"

1900-01-01 commodity VMMXX
  export: "MUTF:VMMXX (MONEY:USD)"

1980-05-12 commodity VACHR
  export: "IGNORE"
  name: "Employer Vacation Hours"

1980-05-12 commodity IRAUSD
  export: "IGNORE"
  name: "US 401k and IRA Contributions"

1995-09-18 commodity VBMPX
  export: "MUTF:VBMPX"
  name: "Vanguard Total Bond Market Index Fund Institutional Plus Shares"
  price: "USD:google/MUTF:VBMPX"

2004-01-20 commodity ITOT
  export: "NYSEARCA:ITOT"
  name: "iShares Core S&P Total U.S. Stock Market ETF"
  price: "USD:google/NYSEARCA:ITOT"

2004-01-26 commodity VHT
  export: "NYSEARCA:VHT"
  name: "Vanguard Health Care ETF"
  price: "USD:google/NYSEARCA:VHT"

2004-11-01 commodity GLD
  export: "NYSEARCA:GLD"
  name: "SPDR Gold Trust (ETF)"
  price: "USD:google/NYSEARCA:GLD"

2007-07-20 commodity VEA
  export: "NYSEARCA:VEA"
  name: "Vanguard FTSE Developed Markets ETF"
  price: "USD:google/NYSEARCA:VEA"

2009-05-01 commodity RGAGX
  export: "MUTF:RGAGX"
  name: "American Funds The Growth Fund of America Class R-6"
  price: "USD:google/MUTF:RGAGX"



* Equity Accounts

1980-05-12 open Equity:Opening-Balances
1980-05-12 open Liabilities:AccountsPayable



* Banking

2015-01-01 open Assets:US:BofA
  address: "123 America Street, LargeTown, USA"
  institution: "Bank of America"
  phone: "+1.012.345.6789"
2015-01-01 open Assets:US:BofA:Checking                        USD
  account: "00234-48574897"

2015-01-01 * "Opening Balance for checking account"
  Assets:US:BofA:Checking                         3253.84 USD
  Equity:Opening-Balances                        -3253.84 USD

2015-01-02 balance Assets:US:BofA:Checking        4604.44 USD

2015-01-04 * "BANK FEES" "Monthly bank fee"
  Assets:US:BofA:Checking                           -4.00 USD
  Expenses:Financial:Fees                            4.00 USD

2015-01-04 * "RiverBank Properties" "Paying the rent"
  Assets:US:BofA:Checking                        -2400.00 USD
  Expenses:Home:Rent                              2400.00 USD

2015-01-09 * "EDISON POWER" ""
  Assets:US:BofA:Checking                          -65.00 USD
  Expenses:Home:Electricity                         65.00 USD

2015-01-19 * "Verizon Wireless" ""
  Assets:US:BofA:Checking                          -58.75 USD
  Expenses:Home:Phone                               58.75 USD

2015-01-23 * "Wine-Tarner Cable" ""
  Assets:US:BofA:Checking                          -80.03 USD
  Expenses:Home:Internet                            80.03 USD

2015-01-25 balance Assets:US:BofA:Checking        3279.35 USD

2015-02-04 * "BANK FEES" "Monthly bank fee"
  Assets:US:BofA:Checking                           -4.00 USD
  Expenses:Financial:Fees                            4.00 USD

2015-02-04 * "RiverBank Properties" "Paying the rent"
  Assets:US:BofA:Checking                        -2400.00 USD
  Expenses:Home:Rent                              2400.00 USD

2015-02-08 * "EDISON POWER" ""
  Assets:US:BofA:Checking                          -65.00 USD
  Expenses:Home:Electricity                         65.00 USD

2015-02-17 balance Assets:US:BofA:Checking        2840.70 USD

2015-02-20 * "Verizon Wireless" ""
  Assets:US:BofA:Checking                          -60.57 USD
  Expenses:Home:Phone                               60.57 USD

2015-02-23 * "Wine-Tarner Cable" ""
  Assets:US:BofA:Checking                          -79.95 USD
  Expenses:Home:Internet                            79.95 USD

2015-03-04 * "BANK FEES" "Monthly bank fee"
  Assets:US:BofA:Checking                           -4.00 USD
  Expenses:Financial:Fees                            4.00 USD

2015-03-06 * "RiverBank Properties" "Paying the rent"
  Assets:US:BofA:Checking                        -2400.00 USD
  Expenses:Home:Rent                              2400.00 USD

2015-03-08 * "EDISON POWER" ""
  Assets:US:BofA:Checking                          -65.00 USD
  Expenses:Home:Electricity                         65.00 USD

2015-03-12 balance Assets:US:BofA:Checking        1011.58 USD

2015-03-20 * "Verizon Wireless" ""
  Assets:US:BofA:Checking                          -65.71 USD
  Expenses:Home:Phone                               65.71 USD

2015-03-22 * "Wine-Tarner Cable" ""
  Assets:US:BofA:Checking                          -80.02 USD
  Expenses:Home:Internet                            80.02 USD

2015-04-02 balance Assets:US:BofA:Checking        3567.05 USD

2015-04-04 * "BANK FEES" "Monthly bank fee"
  Assets:US:BofA:Checking                           -4.00 USD
  Expenses:Financial:Fees                            4.00 USD

2015-04-06 * "RiverBank Properties" "Paying the rent"
  Assets:US:BofA:Checking                        -2400.00 USD
  Expenses:Home:Rent                              2400.00 USD

2015-04-09 * "EDISON POWER" ""
  Assets:US:BofA:Checking                          -65.00 USD
  Expenses:Home:Electricity                         65.00 USD

2015-04-18 * "Verizon Wireless" ""
  Assets:US:BofA:Checking                          -84.78 USD
  Expenses:Home:Phone                               84.78 USD

2015-04-21 * "Wine-Tarner Cable" ""
  Assets:US:BofA:Checking                          -80.08 USD
  Expenses:Home:Internet                            80.08 USD

2015-04-24 balance Assets:US:BofA:Checking        2973.70 USD

2015-05-03 * "RiverBank Properties" "Paying the rent"
  Assets:US:BofA:Checking                        -2400.00 USD
  Expenses:Home:Rent                              2400.00 USD

2015-05-04 * "BANK FEES" "Monthly bank fee"
  Assets:US:BofA:Checking                           -4.00 USD
  Expenses:Financial:Fees                            4.00 USD

2015-05-08 * "EDISON POWER" ""
  Assets:US:BofA:Checking                          -65.00 USD
  Expenses:Home:Electricity                         65.00 USD

2015-05-18 * "Verizon Wireless" ""
  Assets:US:BofA:Checking                          -57.71 USD
  Expenses:Home:Phone                               57.71 USD

2015-05-22 balance Assets:US:BofA:Checking        2284.07 USD

2015-05-23 * "Wine-Tarner Cable" ""
  Assets:US:BofA:Checking                          -80.12 USD
  Expenses:Home:Internet                            80.12 USD

2015-06-04 * "BANK FEES" "Monthly bank fee"
  Assets:US:BofA:Checking                           -4.00 USD
  Expenses:Financial:Fees                            4.00 USD

2015-06-06 * "RiverBank Properties" "Paying the rent"
  Assets:US:BofA:Checking                        -2400.00 USD
  Expenses:Home:Rent                              2400.00 USD

2015-06-08 * "EDISON POWER" ""
  Assets:US:BofA:Checking                          -65.00 USD
  Expenses:Home:Electricity                         65.00 USD

2015-06-18 * "Verizon Wireless" ""
  Assets:US:BofA:Checking                          -63.35 USD
  Expenses:Home:Phone                               63.35 USD

2015-06-21 balance Assets:US:BofA:Checking        1653.89 USD

2015-06-22 * "Wine-Tarner Cable" ""
  Assets:US:BofA:Checking                          -80.02 USD
  Expenses:Home:Internet                            80.02 USD

2015-07-04 * "BANK FEES" "Monthly bank fee"
  Assets:US:BofA:Checking                           -4.00 USD
  Expenses:Financial:Fees                            4.00 USD

2015-07-06 * "RiverBank Properties" "Paying the rent"
  Assets:US:BofA:Checking                        -2400.00 USD
  Expenses:Home:Rent                              2400.00 USD

2015-07-09 * "EDISON POWER" ""
  Assets:US:BofA:Checking                          -65.00 USD
  Expenses:Home:Electricity                         65.00 USD

2015-07-17 balance Assets:US:BofA:Checking        1350.60 USD

2015-07-19 * "Verizon Wireless" ""
  Assets:US:BofA:Checking                          -54.14 USD
  Expenses:Home:Phone                               54.14 USD

2015-07-23 * "Wine-Tarner Cable" ""
  Assets:US:BofA:Checking                          -80.01 USD
  Expenses:Home:Internet                            80.01 USD

2015-08-04 * "BANK FEES" "Monthly bank fee"
  Assets:US:BofA:Checking                           -4.00 USD
  Expenses:Financial:Fees                            4.00 USD

2015-08-05 * "RiverBank Properties" "Paying the rent"
  Assets:US:BofA:Checking                        -2400.00 USD
  Expenses:Home:Rent                              2400.00 USD

2015-08-06 balance Assets:US:BofA:Checking        1363.05 USD

2015-08-09 * "EDISON POWER" ""
  Assets:US:BofA:Checking                          -65.00 USD
  Expenses:Home:Electricity                         65.00 USD

2015-08-20 * "Verizon Wireless" ""
  Assets:US:BofA:Checking                          -64.30 USD
  Expenses:Home:Phone                               64.30 USD

2015-08-21 * "Wine-Tarner Cable" ""
  Assets:US:BofA:Checking                          -80.10 USD
  Expenses:Home:Internet                            80.10 USD

2015-09-04 * "BANK FEES" "Monthly bank fee"
  Assets:US:BofA:Checking                           -4.00 USD
  Expenses:Financial:Fees                            4.00 USD

2015-09-05 balance Assets:US:BofA:Checking        5661.96 USD

2015-09-05 * "RiverBank Properties" "Paying the rent"
  Assets:US:BofA:Checking                        -2400.00 USD
  Expenses:Home:Rent                              2400.00 USD

2015-09-09 * "EDISON POWER" ""
  Assets:US:BofA:Checking                          -65.00 USD
  Expenses:Home:Electricity                         65.00 USD

2015-09-11 * "Transfering accumulated savings to other account"
  Assets:US:BofA:Checking                           -4500 USD
  Assets:US:ETrade:Cash                              4500 USD

2015-09-20 * "Verizon Wireless" ""
  Assets:US:BofA:Checking                          -67.96 USD
  Expenses:Home:Phone                               67.96 USD

2015-09-22 * "Wine-Tarner Cable" ""
  Assets:US:BofA:Checking                          -80.03 USD
  Expenses:Home:Internet                            80.03 USD

2015-09-25 balance Assets:US:BofA:Checking        3112.93 USD

2015-10-04 * "BANK FEES" "Monthly bank fee"
  Assets:US:BofA:Checking                           -4.00 USD
  Expenses:Financial:Fees                            4.00 USD

2015-10-04 * "RiverBank Properties" "Paying the rent"
  Assets:US:BofA:Checking                        -2400.00 USD
  Expenses:Home:Rent                              2400.00 USD

2015-10-09 * "EDISON POWER" ""
  Assets:US:BofA:Checking                          -65.00 USD
  Expenses:Home:Electricity                         65.00 USD

2015-10-18 * "Verizon Wireless" ""
  Assets:US:BofA:Checking                          -71.14 USD
  Expenses:Home:Phone                               71.14 USD

2015-10-20 balance Assets:US:BofA:Checking        2657.29 USD

2015-10-22 * "Wine-Tarner Cable" ""
  Assets:US:BofA:Checking                          -79.79 USD
  Expenses:Home:Internet                            79.79 USD

2015-10-23 * "Transfering accumulated savings to other account"
  Assets:US:BofA:Checking                           -4000 USD
  Assets:US:ETrade:Cash                              4000 USD

2015-11-04 * "BANK FEES" "Monthly bank fee"
  Assets:US:BofA:Checking                           -4.00 USD
  Expenses:Financial:Fees                            4.00 USD

2015-11-06 * "RiverBank Properties" "Paying the rent"
  Assets:US:BofA:Checking                        -2400.00 USD
  Expenses:Home:Rent                              2400.00 USD

2015-11-08 * "EDISON POWER" ""
  Assets:US:BofA:Checking                          -65.00 USD
  Expenses:Home:Electricity                         65.00 USD

2015-11-11 balance Assets:US:BofA:Checking         636.13 USD

2015-11-20 * "Verizon Wireless" ""
  Assets:US:BofA:Checking                          -46.27 USD
  Expenses:Home:Phone                               46.27 USD

2015-11-21 * "Wine-Tarner Cable" ""
  Assets:US:BofA:Checking                          -80.04 USD
  Expenses:Home:Internet                            80.04 USD

2015-12-03 * "RiverBank Properties" "Paying the rent"
  Assets:US:BofA:Checking                        -2400.00 USD
  Expenses:Home:Rent                              2400.00 USD

2015-12-04 * "BANK FEES" "Monthly bank fee"
  Assets:US:BofA:Checking                           -4.00 USD
  Expenses:Financial:Fees                            4.00 USD

2015-12-08 * "EDISON POWER" ""
  Assets:US:BofA:Checking                          -65.00 USD
  Expenses:Home:Electricity                         65.00 USD

2015-12-09 balance Assets:US:BofA:Checking        2540.94 USD

2015-12-19 * "Verizon Wireless" ""
  Assets:US:BofA:Checking                          -62.22 USD
  Expenses:Home:Phone                               62.22 USD

2015-12-23 * "Wine-Tarner Cable" ""
  Assets:US:BofA:Checking                          -80.18 USD
  Expenses:Home:Internet                            80.18 USD

2016-01-03 balance Assets:US:BofA:Checking        8062.82 USD

2016-01-04 * "BANK FEES" "Monthly bank fee"
  Assets:US:BofA:Checking                           -4.00 USD
  Expenses:Financial:Fees                            4.00 USD

2016-01-04 * "RiverBank Properties" "Paying the rent"
  Assets:US:BofA:Checking                        -2400.00 USD
  Expenses:Home:Rent                              2400.00 USD

2016-01-08 * "EDISON POWER" ""
  Assets:US:BofA:Checking                          -65.00 USD
  Expenses:Home:Electricity                         65.00 USD

2016-01-18 * "Verizon Wireless" ""
  Assets:US:BofA:Checking                          -59.01 USD
  Expenses:Home:Phone                               59.01 USD

2016-01-22 * "Wine-Tarner Cable" ""
  Assets:US:BofA:Checking                          -80.08 USD
  Expenses:Home:Internet                            80.08 USD

2016-01-30 balance Assets:US:BofA:Checking        7390.41 USD

2016-02-04 * "BANK FEES" "Monthly bank fee"
  Assets:US:BofA:Checking                           -4.00 USD
  Expenses:Financial:Fees                            4.00 USD

2016-02-06 * "RiverBank Properties" "Paying the rent"
  Assets:US:BofA:Checking                        -2400.00 USD
  Expenses:Home:Rent                              2400.00 USD

2016-02-09 * "EDISON POWER" ""
  Assets:US:BofA:Checking                          -65.00 USD
  Expenses:Home:Electricity                         65.00 USD

2016-02-18 * "Verizon Wireless" ""
  Assets:US:BofA:Checking                          -59.95 USD
  Expenses:Home:Phone                               59.95 USD

2016-02-21 * "Wine-Tarner Cable" ""
  Assets:US:BofA:Checking                          -80.03 USD
  Expenses:Home:Internet                            80.03 USD

2016-02-24 balance Assets:US:BofA:Checking        5540.18 USD

2016-03-03 * "RiverBank Properties" "Paying the rent"
  Assets:US:BofA:Checking                        -2400.00 USD
  Expenses:Home:Rent                              2400.00 USD

2016-03-04 * "BANK FEES" "Monthly bank fee"
  Assets:US:BofA:Checking                           -4.00 USD
  Expenses:Financial:Fees                            4.00 USD

2016-03-08 * "EDISON POWER" ""
  Assets:US:BofA:Checking                          -65.00 USD
  Expenses:Home:Electricity                         65.00 USD

2016-03-15 balance Assets:US:BofA:Checking        5103.24 USD

2016-03-20 * "Verizon Wireless" ""
  Assets:US:BofA:Checking                          -37.86 USD
  Expenses:Home:Phone                               37.86 USD

2016-03-21 * "Wine-Tarner Cable" ""
  Assets:US:BofA:Checking                          -79.79 USD
  Expenses:Home:Internet                            79.79 USD

2016-04-03 * "RiverBank Properties" "Paying the rent"
  Assets:US:BofA:Checking                        -2400.00 USD
  Expenses:Home:Rent                              2400.00 USD

2016-04-04 * "BANK FEES" "Monthly bank fee"
  Assets:US:BofA:Checking                           -4.00 USD
  Expenses:Financial:Fees                            4.00 USD

2016-04-06 balance Assets:US:BofA:Checking        3065.69 USD

2016-04-08 * "EDISON POWER" ""
  Assets:US:BofA:Checking                          -65.00 USD
  Expenses:Home:Electricity                         65.00 USD

2016-04-19 * "Verizon Wireless" ""
  Assets:US:BofA:Checking                          -68.62 USD
  Expenses:Home:Phone                               68.62 USD

2016-04-22 * "Wine-Tarner Cable" ""
  Assets:US:BofA:Checking                          -80.09 USD
  Expenses:Home:Internet                            80.09 USD

2016-05-03 * "RiverBank Properties" "Paying the rent"
  Assets:US:BofA:Checking                        -2400.00 USD
  Expenses:Home:Rent                              2400.00 USD

2016-05-04 * "BANK FEES" "Monthly bank fee"
  Assets:US:BofA:Checking                           -4.00 USD
  Expenses:Financial:Fees                            4.00 USD

2016-05-05 balance Assets:US:BofA:Checking        2455.26 USD

2016-05-09 * "EDISON POWER" ""
  Assets:US:BofA:Checking                          -65.00 USD
  Expenses:Home:Electricity                         65.00 USD

2016-05-18 * "Verizon Wireless" ""
  Assets:US:BofA:Checking                          -67.98 USD
  Expenses:Home:Phone                               67.98 USD

2016-05-21 * "Wine-Tarner Cable" ""
  Assets:US:BofA:Checking                          -80.03 USD
  Expenses:Home:Internet                            80.03 USD

2016-06-01 balance Assets:US:BofA:Checking        4312.10 USD

2016-06-04 * "BANK FEES" "Monthly bank fee"
  Assets:US:BofA:Checking                           -4.00 USD
  Expenses:Financial:Fees                            4.00 USD

2016-06-04 * "RiverBank Properties" "Paying the rent"
  Assets:US:BofA:Checking                        -2400.00 USD
  Expenses:Home:Rent                              2400.00 USD

2016-06-09 * "EDISON POWER" ""
  Assets:US:BofA:Checking                          -65.00 USD
  Expenses:Home:Electricity                         65.00 USD

2016-06-19 * "Verizon Wireless" ""
  Assets:US:BofA:Checking                          -56.89 USD
  Expenses:Home:Phone                               56.89 USD

2016-06-21 * "Wine-Tarner Cable" ""
  Assets:US:BofA:Checking                          -80.08 USD
  Expenses:Home:Internet                            80.08 USD

2016-06-25 balance Assets:US:BofA:Checking        3887.10 USD

2016-07-04 * "BANK FEES" "Monthly bank fee"
  Assets:US:BofA:Checking                           -4.00 USD
  Expenses:Financial:Fees                            4.00 USD

2016-07-06 * "RiverBank Properties" "Paying the rent"
  Assets:US:BofA:Checking                        -2400.00 USD
  Expenses:Home:Rent                              2400.00 USD

2016-07-08 * "EDISON POWER" ""
  Assets:US:BofA:Checking                          -65.00 USD
  Expenses:Home:Electricity                         65.00 USD

2016-07-18 * "Verizon Wireless" ""
  Assets:US:BofA:Checking                          -67.88 USD
  Expenses:Home:Phone                               67.88 USD

2016-07-21 * "Wine-Tarner Cable" ""
  Assets:US:BofA:Checking                          -80.11 USD
  Expenses:Home:Internet                            80.11 USD

2016-07-22 balance Assets:US:BofA:Checking        3356.65 USD

2016-08-04 * "BANK FEES" "Monthly bank fee"
  Assets:US:BofA:Checking                           -4.00 USD
  Expenses:Financial:Fees                            4.00 USD

2016-08-04 * "RiverBank Properties" "Paying the rent"
  Assets:US:BofA:Checking                        -2400.00 USD
  Expenses:Home:Rent                              2400.00 USD

2016-08-08 * "EDISON POWER" ""
  Assets:US:BofA:Checking                          -65.00 USD
  Expenses:Home:Electricity                         65.00 USD

2016-08-12 * "Transfering accumulated savings to other account"
  Assets:US:BofA:Checking                           -3500 USD
  Assets:US:ETrade:Cash                              3500 USD

2016-08-18 balance Assets:US:BofA:Checking         647.04 USD

2016-08-19 * "Verizon Wireless" ""
  Assets:US:BofA:Checking                          -52.93 USD
  Expenses:Home:Phone                               52.93 USD

2016-08-22 * "Wine-Tarner Cable" ""
  Assets:US:BofA:Checking                          -80.16 USD
  Expenses:Home:Internet                            80.16 USD

2016-09-04 * "BANK FEES" "Monthly bank fee"
  Assets:US:BofA:Checking                           -4.00 USD
  Expenses:Financial:Fees                            4.00 USD

2016-09-04 * "RiverBank Properties" "Paying the rent"
  Assets:US:BofA:Checking                        -2400.00 USD
  Expenses:Home:Rent                              2400.00 USD

2016-09-09 * "EDISON POWER" ""
  Assets:US:BofA:Checking                          -65.00 USD
  Expenses:Home:Electricity                         65.00 USD

2016-09-15 balance Assets:US:BofA:Checking        2511.97 USD

2016-09-19 * "Verizon Wireless" ""
  Assets:US:BofA:Checking                          -59.19 USD
  Expenses:Home:Phone                               59.19 USD

2016-09-22 * "Wine-Tarner Cable" ""
  Assets:US:BofA:Checking                          -80.02 USD
  Expenses:Home:Internet                            80.02 USD

2016-09-23 * "Transfering accumulated savings to other account"
  Assets:US:BofA:Checking                           -4000 USD
  Assets:US:ETrade:Cash                              4000 USD

2016-10-04 * "BANK FEES" "Monthly bank fee"
  Assets:US:BofA:Checking                           -4.00 USD
  Expenses:Financial:Fees                            4.00 USD

2016-10-06 balance Assets:US:BofA:Checking         919.36 USD

2016-10-06 * "RiverBank Properties" "Paying the rent"
  Assets:US:BofA:Checking                        -2400.00 USD
  Expenses:Home:Rent                              2400.00 USD

2016-10-09 * "EDISON POWER" ""
  Assets:US:BofA:Checking                          -65.00 USD
  Expenses:Home:Electricity                         65.00 USD

2016-10-18 * "Verizon Wireless" ""
  Assets:US:BofA:Checking                          -54.79 USD
  Expenses:Home:Phone                               54.79 USD

2016-10-23 * "Wine-Tarner Cable" ""
  Assets:US:BofA:Checking                          -80.02 USD
  Expenses:Home:Internet                            80.02 USD

2016-11-04 balance Assets:US:BofA:Checking        5370.41 USD

2016-11-04 * "BANK FEES" "Monthly bank fee"
  Assets:US:BofA:Checking                           -4.00 USD
  Expenses:Financial:Fees                            4.00 USD

2016-11-06 * "RiverBank Properties" "Paying the rent"
  Assets:US:BofA:Checking                        -2400.00 USD
  Expenses:Home:Rent                              2400.00 USD

2016-11-09 * "EDISON POWER" ""
  Assets:US:BofA:Checking                          -65.00 USD
  Expenses:Home:Electricity                         65.00 USD

2016-11-18 * "Verizon Wireless" ""
  Assets:US:BofA:Checking                          -66.43 USD
  Expenses:Home:Phone                               66.43 USD

2016-11-18 * "Transfering accumulated savings to other account"
  Assets:US:BofA:Checking                           -3000 USD
  Assets:US:ETrade:Cash                              3000 USD

2016-11-21 * "Wine-Tarner Cable" ""
  Assets:US:BofA:Checking                          -80.09 USD
  Expenses:Home:Internet                            80.09 USD

2016-12-01 balance Assets:US:BofA:Checking        1829.23 USD

2016-12-04 * "BANK FEES" "Monthly bank fee"
  Assets:US:BofA:Checking                           -4.00 USD
  Expenses:Financial:Fees                            4.00 USD

2016-12-05 * "RiverBank Properties" "Paying the rent"
  Assets:US:BofA:Checking                        -2400.00 USD
  Expenses:Home:Rent                              2400.00 USD

2016-12-09 * "EDISON POWER" ""
  Assets:US:BofA:Checking                          -65.00 USD
  Expenses:Home:Electricity                         65.00 USD

2016-12-19 * "Verizon Wireless" ""
  Assets:US:BofA:Checking                          -52.89 USD
  Expenses:Home:Phone                               52.89 USD

2016-12-21 * "Wine-Tarner Cable" ""
  Assets:US:BofA:Checking                          -80.03 USD
  Expenses:Home:Internet                            80.03 USD

2016-12-27 balance Assets:US:BofA:Checking        3822.99 USD

2017-01-04 * "BANK FEES" "Monthly bank fee"
  Assets:US:BofA:Checking                           -4.00 USD
  Expenses:Financial:Fees                            4.00 USD

2017-01-06 * "RiverBank Properties" "Paying the rent"
  Assets:US:BofA:Checking                        -2400.00 USD
  Expenses:Home:Rent                              2400.00 USD

2017-01-08 * "EDISON POWER" ""
  Assets:US:BofA:Checking                          -65.00 USD
  Expenses:Home:Electricity                         65.00 USD

2017-01-20 * "Verizon Wireless" ""
  Assets:US:BofA:Checking                          -61.77 USD
  Expenses:Home:Phone                               61.77 USD

2017-01-22 * "Wine-Tarner Cable" ""
  Assets:US:BofA:Checking                          -79.81 USD
  Expenses:Home:Internet                            79.81 USD

2017-01-25 balance Assets:US:BofA:Checking        4687.80 USD

2017-02-04 * "BANK FEES" "Monthly bank fee"
  Assets:US:BofA:Checking                           -4.00 USD
  Expenses:Financial:Fees                            4.00 USD

2017-02-05 * "RiverBank Properties" "Paying the rent"
  Assets:US:BofA:Checking                        -2400.00 USD
  Expenses:Home:Rent                              2400.00 USD

2017-02-09 * "EDISON POWER" ""
  Assets:US:BofA:Checking                          -65.00 USD
  Expenses:Home:Electricity                         65.00 USD

2017-02-18 * "Verizon Wireless" ""
  Assets:US:BofA:Checking                          -37.85 USD
  Expenses:Home:Phone                               37.85 USD

2017-02-21 * "Wine-Tarner Cable" ""
  Assets:US:BofA:Checking                          -80.10 USD
  Expenses:Home:Internet                            80.10 USD

2017-02-23 balance Assets:US:BofA:Checking        4002.06 USD

2017-03-04 * "BANK FEES" "Monthly bank fee"
  Assets:US:BofA:Checking                           -4.00 USD
  Expenses:Financial:Fees                            4.00 USD

2017-03-05 * "RiverBank Properties" "Paying the rent"
  Assets:US:BofA:Checking                        -2400.00 USD
  Expenses:Home:Rent                              2400.00 USD

2017-03-08 * "EDISON POWER" ""
  Assets:US:BofA:Checking                          -65.00 USD
  Expenses:Home:Electricity                         65.00 USD

2017-03-20 * "Verizon Wireless" ""
  Assets:US:BofA:Checking                          -58.86 USD
  Expenses:Home:Phone                               58.86 USD

2017-03-23 * "Wine-Tarner Cable" ""
  Assets:US:BofA:Checking                          -79.96 USD
  Expenses:Home:Internet                            79.96 USD

2017-03-25 balance Assets:US:BofA:Checking        4955.26 USD

2017-04-04 * "BANK FEES" "Monthly bank fee"
  Assets:US:BofA:Checking                           -4.00 USD
  Expenses:Financial:Fees                            4.00 USD

2017-04-06 * "RiverBank Properties" "Paying the rent"
  Assets:US:BofA:Checking                        -2400.00 USD
  Expenses:Home:Rent                              2400.00 USD

2017-04-09 * "EDISON POWER" ""
  Assets:US:BofA:Checking                          -65.00 USD
  Expenses:Home:Electricity                         65.00 USD

2017-04-20 * "Verizon Wireless" ""
  Assets:US:BofA:Checking                          -64.83 USD
  Expenses:Home:Phone                               64.83 USD

2017-04-23 * "Wine-Tarner Cable" ""
  Assets:US:BofA:Checking                          -80.09 USD
  Expenses:Home:Internet                            80.09 USD

2017-04-24 balance Assets:US:BofA:Checking        3616.23 USD

2017-05-04 * "BANK FEES" "Monthly bank fee"
  Assets:US:BofA:Checking                           -4.00 USD
  Expenses:Financial:Fees                            4.00 USD

2017-05-05 * "RiverBank Properties" "Paying the rent"
  Assets:US:BofA:Checking                        -2400.00 USD
  Expenses:Home:Rent                              2400.00 USD

2017-05-08 * "EDISON POWER" ""
  Assets:US:BofA:Checking                          -65.00 USD
  Expenses:Home:Electricity                         65.00 USD

2017-05-20 balance Assets:US:BofA:Checking        3262.31 USD

2017-05-20 * "Verizon Wireless" ""
  Assets:US:BofA:Checking                          -60.87 USD
  Expenses:Home:Phone                               60.87 USD

2017-05-23 * "Wine-Tarner Cable" ""
  Assets:US:BofA:Checking                          -79.94 USD
  Expenses:Home:Internet                            79.94 USD

2017-06-04 * "BANK FEES" "Monthly bank fee"
  Assets:US:BofA:Checking                           -4.00 USD
  Expenses:Financial:Fees                            4.00 USD

2017-06-04 * "RiverBank Properties" "Paying the rent"
  Assets:US:BofA:Checking                        -2400.00 USD
  Expenses:Home:Rent                              2400.00 USD

2017-06-09 balance Assets:US:BofA:Checking        2068.10 USD

2017-06-09 * "EDISON POWER" ""
  Assets:US:BofA:Checking                          -65.00 USD
  Expenses:Home:Electricity                         65.00 USD

2017-06-20 * "Verizon Wireless" ""
  Assets:US:BofA:Checking                          -61.05 USD
  Expenses:Home:Phone                               61.05 USD

2017-06-23 * "Wine-Tarner Cable" ""
  Assets:US:BofA:Checking                          -79.96 USD
  Expenses:Home:Internet                            79.96 USD

2017-07-04 * "BANK FEES" "Monthly bank fee"
  Assets:US:BofA:Checking                           -4.00 USD
  Expenses:Financial:Fees                            4.00 USD

2017-07-04 * "RiverBank Properties" "Paying the rent"
  Assets:US:BofA:Checking                        -2400.00 USD
  Expenses:Home:Rent                              2400.00 USD

2017-07-08 balance Assets:US:BofA:Checking        1394.45 USD

2017-07-09 * "EDISON POWER" ""
  Assets:US:BofA:Checking                          -65.00 USD
  Expenses:Home:Electricity                         65.00 USD

2017-07-18 * "Verizon Wireless" ""
  Assets:US:BofA:Checking                          -54.17 USD
  Expenses:Home:Phone                               54.17 USD

2017-07-21 * "Wine-Tarner Cable" ""
  Assets:US:BofA:Checking                          -80.02 USD
  Expenses:Home:Internet                            80.02 USD

2017-08-03 * "RiverBank Properties" "Paying the rent"
  Assets:US:BofA:Checking                        -2400.00 USD
  Expenses:Home:Rent                              2400.00 USD

2017-08-04 * "BANK FEES" "Monthly bank fee"
  Assets:US:BofA:Checking                           -4.00 USD
  Expenses:Financial:Fees                            4.00 USD

2017-08-05 balance Assets:US:BofA:Checking         779.62 USD

2017-08-08 * "EDISON POWER" ""
  Assets:US:BofA:Checking                          -65.00 USD
  Expenses:Home:Electricity                         65.00 USD

2017-08-19 * "Verizon Wireless" ""
  Assets:US:BofA:Checking                          -51.37 USD
  Expenses:Home:Phone                               51.37 USD

2017-08-21 * "Wine-Tarner Cable" ""
  Assets:US:BofA:Checking                          -80.14 USD
  Expenses:Home:Internet                            80.14 USD

2017-08-25 balance Assets:US:BofA:Checking        4722.21 USD

2017-09-04 * "BANK FEES" "Monthly bank fee"
  Assets:US:BofA:Checking                           -4.00 USD
  Expenses:Financial:Fees                            4.00 USD

2017-09-05 * "RiverBank Properties" "Paying the rent"
  Assets:US:BofA:Checking                        -2400.00 USD
  Expenses:Home:Rent                              2400.00 USD

2017-09-08 * "EDISON POWER" ""
  Assets:US:BofA:Checking                          -65.00 USD
  Expenses:Home:Electricity                         65.00 USD

2017-09-08 * "Transfering accumulated savings to other account"
  Assets:US:BofA:Checking                           -3500 USD
  Assets:US:ETrade:Cash                              3500 USD

2017-09-18 * "Verizon Wireless" ""
  Assets:US:BofA:Checking                          -61.02 USD
  Expenses:Home:Phone                               61.02 USD

2017-09-21 * "Wine-Tarner Cable" ""
  Assets:US:BofA:Checking                          -79.98 USD
  Expenses:Home:Internet                            79.98 USD

2017-09-22 balance Assets:US:BofA:Checking        2878.79 USD

2017-10-03 * "RiverBank Properties" "Paying the rent"
  Assets:US:BofA:Checking                        -2400.00 USD
  Expenses:Home:Rent                              2400.00 USD

2017-10-04 * "BANK FEES" "Monthly bank fee"
  Assets:US:BofA:Checking                           -4.00 USD
  Expenses:Financial:Fees                            4.00 USD

2017-10-09 * "EDISON POWER" ""
  Assets:US:BofA:Checking                          -65.00 USD
  Expenses:Home:Electricity                         65.00 USD

2017-10-15 balance Assets:US:BofA:Checking        2371.21 USD

2017-10-18 * "Verizon Wireless" ""
  Assets:US:BofA:Checking                          -59.61 USD
  Expenses:Home:Phone                               59.61 USD

2017-10-20 * "Transfering accumulated savings to other account"
  Assets:US:BofA:Checking                           -4500 USD
  Assets:US:ETrade:Cash                              4500 USD

2017-10-22 * "Wine-Tarner Cable" ""
  Assets:US:BofA:Checking                          -79.88 USD
  Expenses:Home:Internet                            79.88 USD

2017-11-03 * "RiverBank Properties" "Paying the rent"
  Assets:US:BofA:Checking                        -2400.00 USD
  Expenses:Home:Rent                              2400.00 USD

2017-11-04 balance Assets:US:BofA:Checking         432.92 USD

2017-11-04 * "BANK FEES" "Monthly bank fee"
  Assets:US:BofA:Checking                           -4.00 USD
  Expenses:Financial:Fees                            4.00 USD

2017-11-08 * "EDISON POWER" ""
  Assets:US:BofA:Checking                          -65.00 USD
  Expenses:Home:Electricity                         65.00 USD

2017-11-19 * "Verizon Wireless" ""
  Assets:US:BofA:Checking                          -53.92 USD
  Expenses:Home:Phone                               53.92 USD

2017-11-22 * "Wine-Tarner Cable" ""
  Assets:US:BofA:Checking                          -79.95 USD
  Expenses:Home:Internet                            79.95 USD

2017-12-01 * "Transfering accumulated savings to other account"
  Assets:US:BofA:Checking                           -5000 USD
  Assets:US:ETrade:Cash                              5000 USD

2017-12-02 balance Assets:US:BofA:Checking         331.25 USD

2017-12-04 * "BANK FEES" "Monthly bank fee"
  Assets:US:BofA:Checking                           -4.00 USD
  Expenses:Financial:Fees                            4.00 USD



* Credit-Cards

1980-05-12 open Liabilities:US:Chase:Slate                      USD

2015-01-05 * "Cafe Modagor" "Eating out alone"
  Liabilities:US:Chase:Slate                       -28.00 USD
  Expenses:Food:Restaurant                          28.00 USD

2015-01-07 * "Jewel of Morroco" "Eating out with Julie"
  Liabilities:US:Chase:Slate                       -21.48 USD
  Expenses:Food:Restaurant                          21.48 USD

2015-01-08 * "Chase:Slate" "Paying off credit card"
  Liabilities:US:Chase:Slate                        67.91 USD
  Assets:US:BofA:Checking                          -67.91 USD

2015-01-12 * "Jewel of Morroco" "Eating out with Julie"
  Liabilities:US:Chase:Slate                       -18.43 USD
  Expenses:Food:Restaurant                          18.43 USD

2015-01-15 * "Jewel of Morroco" "Eating out with Joe"
  Liabilities:US:Chase:Slate                       -29.87 USD
  Expenses:Food:Restaurant                          29.87 USD

2015-01-17 * "Rose Flower" "Eating out with Natasha"
  Liabilities:US:Chase:Slate                       -27.75 USD
  Expenses:Food:Restaurant                          27.75 USD

2015-01-19 * "Corner Deli" "Buying groceries"
  Liabilities:US:Chase:Slate                       -74.42 USD
  Expenses:Food:Groceries                           74.42 USD

2015-01-20 * "Goba Goba" "Eating out with Joe"
  Liabilities:US:Chase:Slate                       -27.56 USD
  Expenses:Food:Restaurant                          27.56 USD

2015-01-21 * "Chichipotle" "Eating out with Joe"
  Liabilities:US:Chase:Slate                       -47.38 USD
  Expenses:Food:Restaurant                          47.38 USD

2015-01-24 * "Kin Soy" "Eating out after work"
  Liabilities:US:Chase:Slate                       -72.59 USD
  Expenses:Food:Restaurant                          72.59 USD

2015-01-27 balance Liabilities:US:Chase:Slate     -279.57 USD

2015-01-27 * "Onion Market" "Buying groceries"
  Liabilities:US:Chase:Slate                       -91.87 USD
  Expenses:Food:Groceries                           91.87 USD

2015-01-29 * "Goba Goba" "Eating out alone"
  Liabilities:US:Chase:Slate                       -21.32 USD
  Expenses:Food:Restaurant                          21.32 USD

2015-01-31 * "Metro Transport Authority" "Tram tickets"
  Liabilities:US:Chase:Slate                      -120.00 USD
  Expenses:Transport:Tram                          120.00 USD

2015-02-02 * "Uncle Boons" "Eating out after work"
  Liabilities:US:Chase:Slate                       -29.35 USD
  Expenses:Food:Restaurant                          29.35 USD

2015-02-04 * "Jewel of Morroco" "Eating out after work"
  Liabilities:US:Chase:Slate                       -41.23 USD
  Expenses:Food:Restaurant                          41.23 USD

2015-02-05 * "China Garden" "Eating out with Natasha"
  Liabilities:US:Chase:Slate                       -25.28 USD
  Expenses:Food:Restaurant                          25.28 USD

2015-02-07 * "Jewel of Morroco" "Eating out with work buddies"
  Liabilities:US:Chase:Slate                       -28.92 USD
  Expenses:Food:Restaurant                          28.92 USD

2015-02-08 * "Rose Flower" "Eating out "
  Liabilities:US:Chase:Slate                       -33.31 USD
  Expenses:Food:Restaurant                          33.31 USD

2015-02-08 * "Chase:Slate" "Paying off credit card"
  Liabilities:US:Chase:Slate                       670.85 USD
  Assets:US:BofA:Checking                         -670.85 USD

2015-02-09 * "Farmer Fresh" "Buying groceries"
  Liabilities:US:Chase:Slate                      -100.41 USD
  Expenses:Food:Groceries                          100.41 USD

2015-02-10 * "Cafe Modagor" "Eating out with Bill"
  Liabilities:US:Chase:Slate                       -23.22 USD
  Expenses:Food:Restaurant                          23.22 USD

2015-02-11 * "Chichipotle" "Eating out with Joe"
  Liabilities:US:Chase:Slate                       -13.99 USD
  Expenses:Food:Restaurant                          13.99 USD

2015-02-16 * "Kin Soy" "Eating out with Bill"
  Liabilities:US:Chase:Slate                       -25.87 USD
  Expenses:Food:Restaurant                          25.87 USD

2015-02-17 balance Liabilities:US:Chase:Slate     -163.49 USD

2015-02-20 * "Goba Goba" "Eating out with Natasha"
  Liabilities:US:Chase:Slate                       -21.96 USD
  Expenses:Food:Restaurant                          21.96 USD

2015-02-21 * "Uncle Boons" "Eating out with Julie"
  Liabilities:US:Chase:Slate                       -28.35 USD
  Expenses:Food:Restaurant                          28.35 USD

2015-02-23 * "Rose Flower" "Eating out "
  Liabilities:US:Chase:Slate                       -19.33 USD
  Expenses:Food:Restaurant                          19.33 USD

2015-02-23 * "Farmer Fresh" "Buying groceries"
  Liabilities:US:Chase:Slate                      -122.28 USD
  Expenses:Food:Groceries                          122.28 USD

2015-02-27 * "Uncle Boons" "Eating out with work buddies"
  Liabilities:US:Chase:Slate                       -27.92 USD
  Expenses:Food:Restaurant                          27.92 USD

2015-03-04 * "China Garden" "Eating out with work buddies"
  Liabilities:US:Chase:Slate                       -45.88 USD
  Expenses:Food:Restaurant                          45.88 USD

2015-03-04 * "Metro Transport Authority" "Tram tickets"
  Liabilities:US:Chase:Slate                      -120.00 USD
  Expenses:Transport:Tram                          120.00 USD

2015-03-08 * "Chase:Slate" "Paying off credit card"
  Liabilities:US:Chase:Slate                       570.20 USD
  Assets:US:BofA:Checking                         -570.20 USD

2015-03-09 * "China Garden" "Eating out with Joe"
  Liabilities:US:Chase:Slate                       -20.99 USD
  Expenses:Food:Restaurant                          20.99 USD

2015-03-10 * "Kin Soy" "Eating out with work buddies"
  Liabilities:US:Chase:Slate                       -18.03 USD
  Expenses:Food:Restaurant                          18.03 USD

2015-03-12 balance Liabilities:US:Chase:Slate      -18.03 USD

2015-03-12 * "Kin Soy" "Eating out alone"
  Liabilities:US:Chase:Slate                       -18.44 USD
  Expenses:Food:Restaurant                          18.44 USD

2015-03-14 * "Corner Deli" "Buying groceries"
  Liabilities:US:Chase:Slate                       -88.27 USD
  Expenses:Food:Groceries                           88.27 USD

2015-03-16 * "Chichipotle" "Eating out with work buddies"
  Liabilities:US:Chase:Slate                       -30.71 USD
  Expenses:Food:Restaurant                          30.71 USD

2015-03-20 * "Kin Soy" "Eating out with work buddies"
  Liabilities:US:Chase:Slate                       -35.82 USD
  Expenses:Food:Restaurant                          35.82 USD

2015-03-21 * "Uncle Boons" "Eating out with Julie"
  Liabilities:US:Chase:Slate                       -26.67 USD
  Expenses:Food:Restaurant                          26.67 USD

2015-03-24 * "Corner Deli" "Buying groceries"
  Liabilities:US:Chase:Slate                       -59.11 USD
  Expenses:Food:Groceries                           59.11 USD

2015-03-25 * "Cafe Modagor" "Eating out with Natasha"
  Liabilities:US:Chase:Slate                       -27.12 USD
  Expenses:Food:Restaurant                          27.12 USD

2015-03-27 * "Goba Goba" "Eating out with Julie"
  Liabilities:US:Chase:Slate                       -29.51 USD
  Expenses:Food:Restaurant                          29.51 USD

2015-03-31 * "Kin Soy" "Eating out with Natasha"
  Liabilities:US:Chase:Slate                       -21.32 USD
  Expenses:Food:Restaurant                          21.32 USD

2015-03-31 * "Onion Market" "Buying groceries"
  Liabilities:US:Chase:Slate                       -56.94 USD
  Expenses:Food:Groceries                           56.94 USD

2015-04-02 balance Liabilities:US:Chase:Slate     -411.94 USD

2015-04-03 * "Metro Transport Authority" "Tram tickets"
  Liabilities:US:Chase:Slate                      -120.00 USD
  Expenses:Transport:Tram                          120.00 USD

2015-04-04 * "Goba Goba" "Eating out alone"
  Liabilities:US:Chase:Slate                       -49.72 USD
  Expenses:Food:Restaurant                          49.72 USD

2015-04-05 * "Goba Goba" "Eating out with Natasha"
  Liabilities:US:Chase:Slate                       -22.71 USD
  Expenses:Food:Restaurant                          22.71 USD

2015-04-06 * "Kin Soy" "Eating out with Joe"
  Liabilities:US:Chase:Slate                       -31.35 USD
  Expenses:Food:Restaurant                          31.35 USD

2015-04-07 * "Cafe Modagor" "Eating out with Natasha"
  Liabilities:US:Chase:Slate                       -24.97 USD
  Expenses:Food:Restaurant                          24.97 USD

2015-04-07 * "Good Moods Market" "Buying groceries"
  Liabilities:US:Chase:Slate                       -58.37 USD
  Expenses:Food:Groceries                           58.37 USD

2015-04-07 * "Chase:Slate" "Paying off credit card"
  Liabilities:US:Chase:Slate                       660.69 USD
  Assets:US:BofA:Checking                         -660.69 USD

2015-04-11 * "Goba Goba" "Eating out with Natasha"
  Liabilities:US:Chase:Slate                       -36.22 USD
  Expenses:Food:Restaurant                          36.22 USD

2015-04-14 * "Chichipotle" "Eating out with Julie"
  Liabilities:US:Chase:Slate                       -36.62 USD
  Expenses:Food:Restaurant                          36.62 USD

2015-04-16 * "Cafe Modagor" "Eating out "
  Liabilities:US:Chase:Slate                       -17.26 USD
  Expenses:Food:Restaurant                          17.26 USD

2015-04-21 * "China Garden" "Eating out with Bill"
  Liabilities:US:Chase:Slate                       -71.59 USD
  Expenses:Food:Restaurant                          71.59 USD

2015-04-22 * "China Garden" "Eating out with Bill"
  Liabilities:US:Chase:Slate                       -22.93 USD
  Expenses:Food:Restaurant                          22.93 USD

2015-04-22 * "Onion Market" "Buying groceries"
  Liabilities:US:Chase:Slate                      -105.54 USD
  Expenses:Food:Groceries                          105.54 USD

2015-04-24 * "Goba Goba" "Eating out alone"
  Liabilities:US:Chase:Slate                       -34.45 USD
  Expenses:Food:Restaurant                          34.45 USD

2015-04-25 * "China Garden" "Eating out with Joe"
  Liabilities:US:Chase:Slate                       -43.61 USD
  Expenses:Food:Restaurant                          43.61 USD

2015-04-29 * "Cafe Modagor" "Eating out with Joe"
  Liabilities:US:Chase:Slate                       -44.54 USD
  Expenses:Food:Restaurant                          44.54 USD

2015-04-30 balance Liabilities:US:Chase:Slate     -471.13 USD

2015-05-02 * "China Garden" "Eating out with work buddies"
  Liabilities:US:Chase:Slate                       -30.62 USD
  Expenses:Food:Restaurant                          30.62 USD

2015-05-03 * "Rose Flower" "Eating out with Natasha"
  Liabilities:US:Chase:Slate                       -42.16 USD
  Expenses:Food:Restaurant                          42.16 USD

2015-05-04 * "Farmer Fresh" "Buying groceries"
  Liabilities:US:Chase:Slate                       -85.75 USD
  Expenses:Food:Groceries                           85.75 USD

2015-05-04 * "Metro Transport Authority" "Tram tickets"
  Liabilities:US:Chase:Slate                      -120.00 USD
  Expenses:Transport:Tram                          120.00 USD

2015-05-07 * "Uncle Boons" "Eating out with work buddies"
  Liabilities:US:Chase:Slate                       -20.96 USD
  Expenses:Food:Restaurant                          20.96 USD

2015-05-08 * "Rose Flower" "Eating out after work"
  Liabilities:US:Chase:Slate                       -38.74 USD
  Expenses:Food:Restaurant                          38.74 USD

2015-05-09 * "China Garden" "Eating out with Natasha"
  Liabilities:US:Chase:Slate                       -54.76 USD
  Expenses:Food:Restaurant                          54.76 USD

2015-05-09 * "Chase:Slate" "Paying off credit card"
  Liabilities:US:Chase:Slate                       864.12 USD
  Assets:US:BofA:Checking                         -864.12 USD

2015-05-14 * "Jewel of Morroco" "Eating out with Joe"
  Liabilities:US:Chase:Slate                       -30.92 USD
  Expenses:Food:Restaurant                          30.92 USD

2015-05-14 * "Farmer Fresh" "Buying groceries"
  Liabilities:US:Chase:Slate                       -90.10 USD
  Expenses:Food:Groceries                           90.10 USD

2015-05-17 * "Kin Soy" "Eating out with Julie"
  Liabilities:US:Chase:Slate                       -34.62 USD
  Expenses:Food:Restaurant                          34.62 USD

2015-05-18 * "Kin Soy" "Eating out with Julie"
  Liabilities:US:Chase:Slate                       -20.56 USD
  Expenses:Food:Restaurant                          20.56 USD

2015-05-20 balance Liabilities:US:Chase:Slate     -176.20 USD

2015-05-21 * "Chichipotle" "Eating out alone"
  Liabilities:US:Chase:Slate                       -25.10 USD
  Expenses:Food:Restaurant                          25.10 USD

2015-05-23 * "Goba Goba" "Eating out alone"
  Liabilities:US:Chase:Slate                       -17.29 USD
  Expenses:Food:Restaurant                          17.29 USD

2015-05-26 * "Jewel of Morroco" "Eating out with Joe"
  Liabilities:US:Chase:Slate                       -42.06 USD
  Expenses:Food:Restaurant                          42.06 USD

2015-05-29 * "Farmer Fresh" "Buying groceries"
  Liabilities:US:Chase:Slate                       -90.09 USD
  Expenses:Food:Groceries                           90.09 USD

2015-05-30 * "Chichipotle" "Eating out with Natasha"
  Liabilities:US:Chase:Slate                       -27.49 USD
  Expenses:Food:Restaurant                          27.49 USD

2015-05-31 * "Metro Transport Authority" "Tram tickets"
  Liabilities:US:Chase:Slate                      -120.00 USD
  Expenses:Transport:Tram                          120.00 USD

2015-06-03 * "Cafe Modagor" "Eating out "
  Liabilities:US:Chase:Slate                       -32.69 USD
  Expenses:Food:Restaurant                          32.69 USD

2015-06-04 * "Rose Flower" "Eating out with work buddies"
  Liabilities:US:Chase:Slate                       -36.73 USD
  Expenses:Food:Restaurant                          36.73 USD

2015-06-09 balance Liabilities:US:Chase:Slate     -567.65 USD

2015-06-09 * "Goba Goba" "Eating out with Joe"
  Liabilities:US:Chase:Slate                       -41.03 USD
  Expenses:Food:Restaurant                          41.03 USD

2015-06-10 * "Good Moods Market" "Buying groceries"
  Liabilities:US:Chase:Slate                       -88.87 USD
  Expenses:Food:Groceries                           88.87 USD

2015-06-11 * "Chase:Slate" "Paying off credit card"
  Liabilities:US:Chase:Slate                       718.91 USD
  Assets:US:BofA:Checking                         -718.91 USD

2015-06-13 * "Kin Soy" "Eating out with Julie"
  Liabilities:US:Chase:Slate                       -21.36 USD
  Expenses:Food:Restaurant                          21.36 USD

2015-06-17 * "Chichipotle" "Eating out with Joe"
  Liabilities:US:Chase:Slate                       -24.01 USD
  Expenses:Food:Restaurant                          24.01 USD

2015-06-19 * "China Garden" "Eating out with Joe"
  Liabilities:US:Chase:Slate                       -36.67 USD
  Expenses:Food:Restaurant                          36.67 USD

2015-06-24 * "China Garden" "Eating out with work buddies"
  Liabilities:US:Chase:Slate                       -18.22 USD
  Expenses:Food:Restaurant                          18.22 USD

2015-06-27 * "Cafe Modagor" "Eating out with Natasha"
  Liabilities:US:Chase:Slate                       -62.75 USD
  Expenses:Food:Restaurant                          62.75 USD

2015-06-28 * "Onion Market" "Buying groceries"
  Liabilities:US:Chase:Slate                       -89.57 USD
  Expenses:Food:Groceries                           89.57 USD

2015-06-30 * "Metro Transport Authority" "Tram tickets"
  Liabilities:US:Chase:Slate                      -120.00 USD
  Expenses:Transport:Tram                          120.00 USD

2015-07-01 * "Jewel of Morroco" "Eating out with Joe"
  Liabilities:US:Chase:Slate                       -15.19 USD
  Expenses:Food:Restaurant                          15.19 USD

2015-07-02 * "Cafe Modagor" "Eating out with Julie"
  Liabilities:US:Chase:Slate                       -24.94 USD
  Expenses:Food:Restaurant                          24.94 USD

2015-07-04 balance Liabilities:US:Chase:Slate     -391.35 USD

2015-07-05 * "Kin Soy" "Eating out after work"
  Liabilities:US:Chase:Slate                       -37.98 USD
  Expenses:Food:Restaurant                          37.98 USD

2015-07-07 * "Chase:Slate" "Paying off credit card"
  Liabilities:US:Chase:Slate                       455.47 USD
  Assets:US:BofA:Checking                         -455.47 USD

2015-07-08 * "Chichipotle" "Eating out with work buddies"
  Liabilities:US:Chase:Slate                       -26.14 USD
  Expenses:Food:Restaurant                          26.14 USD

2015-07-10 * "Uncle Boons" "Eating out with work buddies"
  Liabilities:US:Chase:Slate                       -39.38 USD
  Expenses:Food:Restaurant                          39.38 USD

2015-07-15 * "Goba Goba" "Eating out alone"
  Liabilities:US:Chase:Slate                       -41.53 USD
  Expenses:Food:Restaurant                          41.53 USD

2015-07-16 * "Corner Deli" "Buying groceries"
  Liabilities:US:Chase:Slate                       -66.32 USD
  Expenses:Food:Groceries                           66.32 USD

2015-07-17 * "Goba Goba" "Eating out with Bill"
  Liabilities:US:Chase:Slate                       -43.60 USD
  Expenses:Food:Restaurant                          43.60 USD

2015-07-21 * "Jewel of Morroco" "Eating out after work"
  Liabilities:US:Chase:Slate                       -22.27 USD
  Expenses:Food:Restaurant                          22.27 USD

2015-07-23 * "Chichipotle" "Eating out with Julie"
  Liabilities:US:Chase:Slate                       -21.11 USD
  Expenses:Food:Restaurant                          21.11 USD

2015-07-26 * "Uncle Boons" "Eating out alone"
  Liabilities:US:Chase:Slate                       -26.23 USD
  Expenses:Food:Restaurant                          26.23 USD

2015-07-28 * "Uncle Boons" "Eating out with Natasha"
  Liabilities:US:Chase:Slate                       -18.42 USD
  Expenses:Food:Restaurant                          18.42 USD

2015-07-30 * "Metro Transport Authority" "Tram tickets"
  Liabilities:US:Chase:Slate                      -120.00 USD
  Expenses:Transport:Tram                          120.00 USD

2015-08-01 balance Liabilities:US:Chase:Slate     -398.86 USD

2015-08-02 * "China Garden" "Eating out with Bill"
  Liabilities:US:Chase:Slate                       -33.15 USD
  Expenses:Food:Restaurant                          33.15 USD

2015-08-05 * "Farmer Fresh" "Buying groceries"
  Liabilities:US:Chase:Slate                       -73.33 USD
  Expenses:Food:Groceries                           73.33 USD

2015-08-07 * "Kin Soy" "Eating out with Julie"
  Liabilities:US:Chase:Slate                       -24.36 USD
  Expenses:Food:Restaurant                          24.36 USD

2015-08-09 * "Chase:Slate" "Paying off credit card"
  Liabilities:US:Chase:Slate                       588.89 USD
  Assets:US:BofA:Checking                         -588.89 USD

2015-08-11 * "Rose Flower" "Eating out alone"
  Liabilities:US:Chase:Slate                       -59.19 USD
  Expenses:Food:Restaurant                          59.19 USD

2015-08-13 * "Jewel of Morroco" "Eating out with Natasha"
  Liabilities:US:Chase:Slate                       -29.73 USD
  Expenses:Food:Restaurant                          29.73 USD

2015-08-17 * "Kin Soy" "Eating out with Natasha"
  Liabilities:US:Chase:Slate                       -31.70 USD
  Expenses:Food:Restaurant                          31.70 USD

2015-08-21 balance Liabilities:US:Chase:Slate      -61.43 USD

2015-08-22 * "Rose Flower" "Eating out with Natasha"
  Liabilities:US:Chase:Slate                       -25.70 USD
  Expenses:Food:Restaurant                          25.70 USD

2015-08-25 * "Uncle Boons" "Eating out with Bill"
  Liabilities:US:Chase:Slate                       -18.69 USD
  Expenses:Food:Restaurant                          18.69 USD

2015-08-25 * "Onion Market" "Buying groceries"
  Liabilities:US:Chase:Slate                       -78.03 USD
  Expenses:Food:Groceries                           78.03 USD

2015-08-26 * "Jewel of Morroco" "Eating out with Bill"
  Liabilities:US:Chase:Slate                       -32.35 USD
  Expenses:Food:Restaurant                          32.35 USD

2015-08-27 * "Metro Transport Authority" "Tram tickets"
  Liabilities:US:Chase:Slate                      -120.00 USD
  Expenses:Transport:Tram                          120.00 USD

2015-08-30 * "Kin Soy" "Eating out with Bill"
  Liabilities:US:Chase:Slate                       -14.56 USD
  Expenses:Food:Restaurant                          14.56 USD

2015-08-31 * "Cafe Modagor" "Eating out with work buddies"
  Liabilities:US:Chase:Slate                       -38.34 USD
  Expenses:Food:Restaurant                          38.34 USD

2015-09-05 * "Rose Flower" "Eating out with Joe"
  Liabilities:US:Chase:Slate                       -54.15 USD
  Expenses:Food:Restaurant                          54.15 USD

2015-09-06 * "Goba Goba" "Eating out with Julie"
  Liabilities:US:Chase:Slate                       -23.72 USD
  Expenses:Food:Restaurant                          23.72 USD

2015-09-07 * "Chase:Slate" "Paying off credit card"
  Liabilities:US:Chase:Slate                       537.24 USD
  Assets:US:BofA:Checking                         -537.24 USD

2015-09-08 * "Good Moods Market" "Buying groceries"
  Liabilities:US:Chase:Slate                       -70.27 USD
  Expenses:Food:Groceries                           70.27 USD

2015-09-09 * "Goba Goba" "Eating out with Natasha"
  Liabilities:US:Chase:Slate                       -36.77 USD
  Expenses:Food:Restaurant                          36.77 USD

2015-09-12 balance Liabilities:US:Chase:Slate      -36.77 USD

2015-09-13 * "Cafe Modagor" "Eating out after work"
  Liabilities:US:Chase:Slate                       -43.02 USD
  Expenses:Food:Restaurant                          43.02 USD

2015-09-16 event "location" "Los Angeles"

2015-09-17 * "Mr. Marcel" "" #trip-los-angeles-2015
  Liabilities:US:Chase:Slate                       -26.27 USD
  Expenses:Food:Restaurant                          26.27 USD

2015-09-17 * "Banana Leaf" "" #trip-los-angeles-2015
  Liabilities:US:Chase:Slate                       -27.38 USD
  Expenses:Food:Restaurant                          27.38 USD

2015-09-17 * "Starbucks" "" #trip-los-angeles-2015
  Liabilities:US:Chase:Slate                        -6.08 USD
  Expenses:Food:Coffee                               6.08 USD

2015-09-18 * "Mr. Marcel" "" #trip-los-angeles-2015
  Liabilities:US:Chase:Slate                       -36.50 USD
  Expenses:Food:Restaurant                          36.50 USD

2015-09-18 * "Pampas Grill" "" #trip-los-angeles-2015
  Liabilities:US:Chase:Slate                       -25.28 USD
  Expenses:Food:Restaurant                          25.28 USD

2015-09-19 * "Mr. Marcel" "" #trip-los-angeles-2015
  Liabilities:US:Chase:Slate                       -51.75 USD
  Expenses:Food:Restaurant                          51.75 USD

2015-09-19 * "Dupar's" "" #trip-los-angeles-2015
  Liabilities:US:Chase:Slate                       -29.44 USD
  Expenses:Food:Restaurant                          29.44 USD

2015-09-19 * "Chipotle" "" #trip-los-angeles-2015
  Liabilities:US:Chase:Slate                       -16.43 USD
  Expenses:Food:Restaurant                          16.43 USD

2015-09-19 * "E.B.'s Beer and Wine" "" #trip-los-angeles-2015
  Liabilities:US:Chase:Slate                        -9.91 USD
  Expenses:Food:Alcohol                              9.91 USD

2015-09-21 * "Mr. Marcel" "" #trip-los-angeles-2015
  Liabilities:US:Chase:Slate                       -46.11 USD
  Expenses:Food:Restaurant                          46.11 USD

2015-09-21 * "Pampas Grill" "" #trip-los-angeles-2015
  Liabilities:US:Chase:Slate                       -23.71 USD
  Expenses:Food:Restaurant                          23.71 USD

2015-09-21 * "E.B.'s Beer and Wine" "" #trip-los-angeles-2015
  Liabilities:US:Chase:Slate                        -7.37 USD
  Expenses:Food:Alcohol                              7.37 USD

2015-09-22 * "Dupar's" "" #trip-los-angeles-2015
  Liabilities:US:Chase:Slate                       -30.81 USD
  Expenses:Food:Restaurant                          30.81 USD

2015-09-22 * "Pampas Grill" "" #trip-los-angeles-2015
  Liabilities:US:Chase:Slate                       -24.01 USD
  Expenses:Food:Restaurant                          24.01 USD

2015-09-23 * "Banana Leaf" "" #trip-los-angeles-2015
  Liabilities:US:Chase:Slate                       -25.34 USD
  Expenses:Food:Restaurant                          25.34 USD

2015-09-23 * "Dupar's" "" #trip-los-angeles-2015
  Liabilities:US:Chase:Slate                       -33.45 USD
  Expenses:Food:Restaurant                          33.45 USD

2015-09-23 * "Starbucks" "" #trip-los-angeles-2015
  Liabilities:US:Chase:Slate                        -5.31 USD
  Expenses:Food:Coffee                               5.31 USD

2015-09-23 * "E.B.'s Beer and Wine" "" #trip-los-angeles-2015
  Liabilities:US:Chase:Slate                        -8.10 USD
  Expenses:Food:Alcohol                              8.10 USD

2015-09-24 * "Mr. Marcel" "" #trip-los-angeles-2015
  Liabilities:US:Chase:Slate                       -38.48 USD
  Expenses:Food:Restaurant                          38.48 USD

2015-09-24 * "Pampas Grill" "" #trip-los-angeles-2015
  Liabilities:US:Chase:Slate                       -18.65 USD
  Expenses:Food:Restaurant                          18.65 USD

2015-09-24 * "Chipotle" "" #trip-los-angeles-2015
  Liabilities:US:Chase:Slate                       -15.82 USD
  Expenses:Food:Restaurant                          15.82 USD

2015-09-24 * "Starbucks" "" #trip-los-angeles-2015
  Liabilities:US:Chase:Slate                        -6.51 USD
  Expenses:Food:Coffee                               6.51 USD

2015-09-24 * "Consume vacation days"
  Assets:US:Babble:Vacation                           -64 VACHR
  Expenses:Vacation                                    64 VACHR

2015-09-24 event "location" "New Metropolis"

2015-09-26 * "Chichipotle" "Eating out with Natasha"
  Liabilities:US:Chase:Slate                       -38.46 USD
  Expenses:Food:Restaurant                          38.46 USD

2015-09-27 * "Jewel of Morroco" "Eating out with Natasha"
  Liabilities:US:Chase:Slate                       -55.96 USD
  Expenses:Food:Restaurant                          55.96 USD

2015-09-28 * "Metro Transport Authority" "Tram tickets"
  Liabilities:US:Chase:Slate                      -120.00 USD
  Expenses:Transport:Tram                          120.00 USD

2015-09-30 * "China Garden" "Eating out with Joe"
  Liabilities:US:Chase:Slate                       -26.60 USD
  Expenses:Food:Restaurant                          26.60 USD

2015-10-01 * "Uncle Boons" "Eating out with Bill"
  Liabilities:US:Chase:Slate                       -29.90 USD
  Expenses:Food:Restaurant                          29.90 USD

2015-10-02 * "Onion Market" "Buying groceries"
  Liabilities:US:Chase:Slate                       -62.53 USD
  Expenses:Food:Groceries                           62.53 USD

2015-10-03 * "Uncle Boons" "Eating out with Joe"
  Liabilities:US:Chase:Slate                       -14.98 USD
  Expenses:Food:Restaurant                          14.98 USD

2015-10-05 balance Liabilities:US:Chase:Slate     -940.93 USD

2015-10-08 * "Rose Flower" "Eating out "
  Liabilities:US:Chase:Slate                       -37.88 USD
  Expenses:Food:Restaurant                          37.88 USD

2015-10-08 * "Chase:Slate" "Paying off credit card"
  Liabilities:US:Chase:Slate                       466.10 USD
  Assets:US:BofA:Checking                         -466.10 USD

2015-10-10 * "Goba Goba" "Eating out with work buddies"
  Liabilities:US:Chase:Slate                       -38.11 USD
  Expenses:Food:Restaurant                          38.11 USD

2015-10-14 * "China Garden" "Eating out with Julie"
  Liabilities:US:Chase:Slate                       -35.62 USD
  Expenses:Food:Restaurant                          35.62 USD

2015-10-15 * "Kin Soy" "Eating out "
  Liabilities:US:Chase:Slate                       -11.99 USD
  Expenses:Food:Restaurant                          11.99 USD

2015-10-17 * "Chichipotle" "Eating out with work buddies"
  Liabilities:US:Chase:Slate                       -31.35 USD
  Expenses:Food:Restaurant                          31.35 USD

2015-10-20 * "Kin Soy" "Eating out after work"
  Liabilities:US:Chase:Slate                       -46.39 USD
  Expenses:Food:Restaurant                          46.39 USD

2015-10-22 * "Goba Goba" "Eating out with Joe"
  Liabilities:US:Chase:Slate                       -25.76 USD
  Expenses:Food:Restaurant                          25.76 USD

2015-10-22 * "Corner Deli" "Buying groceries"
  Liabilities:US:Chase:Slate                       -66.80 USD
  Expenses:Food:Groceries                           66.80 USD

2015-10-25 balance Liabilities:US:Chase:Slate     -768.73 USD

2015-10-25 * "China Garden" "Eating out alone"
  Liabilities:US:Chase:Slate                       -31.12 USD
  Expenses:Food:Restaurant                          31.12 USD

2015-10-29 * "Rose Flower" "Eating out with work buddies"
  Liabilities:US:Chase:Slate                       -47.63 USD
  Expenses:Food:Restaurant                          47.63 USD

2015-10-31 * "Uncle Boons" "Eating out with Joe"
  Liabilities:US:Chase:Slate                       -28.04 USD
  Expenses:Food:Restaurant                          28.04 USD

2015-10-31 * "Metro Transport Authority" "Tram tickets"
  Liabilities:US:Chase:Slate                      -120.00 USD
  Expenses:Transport:Tram                          120.00 USD

2015-11-04 * "China Garden" "Eating out alone"
  Liabilities:US:Chase:Slate                       -32.99 USD
  Expenses:Food:Restaurant                          32.99 USD

2015-11-09 * "China Garden" "Eating out with Bill"
  Liabilities:US:Chase:Slate                       -24.95 USD
  Expenses:Food:Restaurant                          24.95 USD

2015-11-10 * "Chase:Slate" "Paying off credit card"
  Liabilities:US:Chase:Slate                       573.57 USD
  Assets:US:BofA:Checking                         -573.57 USD

2015-11-11 * "Chichipotle" "Eating out with Bill"
  Liabilities:US:Chase:Slate                       -32.82 USD
  Expenses:Food:Restaurant                          32.82 USD

2015-11-11 * "Good Moods Market" "Buying groceries"
  Liabilities:US:Chase:Slate                       -45.72 USD
  Expenses:Food:Groceries                           45.72 USD

2015-11-14 balance Liabilities:US:Chase:Slate     -558.43 USD

2015-11-14 * "Goba Goba" "Eating out "
  Liabilities:US:Chase:Slate                       -23.41 USD
  Expenses:Food:Restaurant                          23.41 USD

2015-11-17 * "Chichipotle" "Eating out with Julie"
  Liabilities:US:Chase:Slate                       -20.35 USD
  Expenses:Food:Restaurant                          20.35 USD

2015-11-19 * "Uncle Boons" "Eating out with Natasha"
  Liabilities:US:Chase:Slate                       -47.56 USD
  Expenses:Food:Restaurant                          47.56 USD

2015-11-20 * "Corner Deli" "Buying groceries"
  Liabilities:US:Chase:Slate                      -112.11 USD
  Expenses:Food:Groceries                          112.11 USD

2015-11-23 * "Rose Flower" "Eating out with Natasha"
  Liabilities:US:Chase:Slate                       -16.58 USD
  Expenses:Food:Restaurant                          16.58 USD

2015-11-26 * "China Garden" "Eating out with Joe"
  Liabilities:US:Chase:Slate                       -28.40 USD
  Expenses:Food:Restaurant                          28.40 USD

2015-11-29 * "Goba Goba" "Eating out alone"
  Liabilities:US:Chase:Slate                       -17.93 USD
  Expenses:Food:Restaurant                          17.93 USD

2015-12-01 * "Good Moods Market" "Buying groceries"
  Liabilities:US:Chase:Slate                       -79.79 USD
  Expenses:Food:Groceries                           79.79 USD

2015-12-03 * "Uncle Boons" "Eating out alone"
  Liabilities:US:Chase:Slate                       -44.68 USD
  Expenses:Food:Restaurant                          44.68 USD

2015-12-03 * "Metro Transport Authority" "Tram tickets"
  Liabilities:US:Chase:Slate                      -120.00 USD
  Expenses:Transport:Tram                          120.00 USD

2015-12-05 * "Goba Goba" "Eating out after work"
  Liabilities:US:Chase:Slate                       -36.02 USD
  Expenses:Food:Restaurant                          36.02 USD

2015-12-06 * "Uncle Boons" "Eating out with Natasha"
  Liabilities:US:Chase:Slate                       -22.68 USD
  Expenses:Food:Restaurant                          22.68 USD

2015-12-08 * "Chase:Slate" "Paying off credit card"
  Liabilities:US:Chase:Slate                       639.54 USD
  Assets:US:BofA:Checking                         -639.54 USD

2015-12-10 * "China Garden" "Eating out "
  Liabilities:US:Chase:Slate                       -24.31 USD
  Expenses:Food:Restaurant                          24.31 USD

2015-12-11 balance Liabilities:US:Chase:Slate     -512.71 USD

2015-12-14 * "Cafe Modagor" "Eating out "
  Liabilities:US:Chase:Slate                       -31.95 USD
  Expenses:Food:Restaurant                          31.95 USD

2015-12-16 * "Jewel of Morroco" "Eating out with Joe"
  Liabilities:US:Chase:Slate                       -36.59 USD
  Expenses:Food:Restaurant                          36.59 USD

2015-12-17 * "Goba Goba" "Eating out with Julie"
  Liabilities:US:Chase:Slate                       -68.76 USD
  Expenses:Food:Restaurant                          68.76 USD

2015-12-18 * "Cafe Modagor" "Eating out with Bill"
  Liabilities:US:Chase:Slate                       -52.05 USD
  Expenses:Food:Restaurant                          52.05 USD

2015-12-20 * "Farmer Fresh" "Buying groceries"
  Liabilities:US:Chase:Slate                       -68.08 USD
  Expenses:Food:Groceries                           68.08 USD

2015-12-22 * "Goba Goba" "Eating out with Joe"
  Liabilities:US:Chase:Slate                       -32.83 USD
  Expenses:Food:Restaurant                          32.83 USD

2015-12-24 * "Rose Flower" "Eating out with Bill"
  Liabilities:US:Chase:Slate                       -31.53 USD
  Expenses:Food:Restaurant                          31.53 USD

2015-12-28 * "China Garden" "Eating out with Bill"
  Liabilities:US:Chase:Slate                       -43.81 USD
  Expenses:Food:Restaurant                          43.81 USD

2015-12-31 * "Metro Transport Authority" "Tram tickets"
  Liabilities:US:Chase:Slate                      -120.00 USD
  Expenses:Transport:Tram                          120.00 USD

2016-01-01 * "China Garden" "Eating out after work"
  Liabilities:US:Chase:Slate                       -27.33 USD
  Expenses:Food:Restaurant                          27.33 USD

2016-01-02 balance Liabilities:US:Chase:Slate    -1025.64 USD

2016-01-02 * "Goba Goba" "Eating out with work buddies"
  Liabilities:US:Chase:Slate                       -43.62 USD
  Expenses:Food:Restaurant                          43.62 USD

2016-01-03 * "China Garden" "Eating out alone"
  Liabilities:US:Chase:Slate                       -30.00 USD
  Expenses:Food:Restaurant                          30.00 USD

2016-01-04 * "Good Moods Market" "Buying groceries"
  Liabilities:US:Chase:Slate                       -84.66 USD
  Expenses:Food:Groceries                           84.66 USD

2016-01-06 * "Uncle Boons" "Eating out with Natasha"
  Liabilities:US:Chase:Slate                       -44.25 USD
  Expenses:Food:Restaurant                          44.25 USD

2016-01-08 * "Chase:Slate" "Paying off credit card"
  Liabilities:US:Chase:Slate                       765.52 USD
  Assets:US:BofA:Checking                         -765.52 USD

2016-01-11 * "Jewel of Morroco" "Eating out with work buddies"
  Liabilities:US:Chase:Slate                       -50.06 USD
  Expenses:Food:Restaurant                          50.06 USD

2016-01-14 * "Corner Deli" "Buying groceries"
  Liabilities:US:Chase:Slate                       -94.17 USD
  Expenses:Food:Groceries                           94.17 USD

2016-01-16 * "Kin Soy" "Eating out alone"
  Liabilities:US:Chase:Slate                       -35.25 USD
  Expenses:Food:Restaurant                          35.25 USD

2016-01-20 * "Jewel of Morroco" "Eating out with work buddies"
  Liabilities:US:Chase:Slate                       -52.64 USD
  Expenses:Food:Restaurant                          52.64 USD

2016-01-22 * "Kin Soy" "Eating out "
  Liabilities:US:Chase:Slate                       -31.61 USD
  Expenses:Food:Restaurant                          31.61 USD

2016-01-23 balance Liabilities:US:Chase:Slate     -726.38 USD

2016-01-23 * "Cafe Modagor" "Eating out with Joe"
  Liabilities:US:Chase:Slate                       -32.44 USD
  Expenses:Food:Restaurant                          32.44 USD

2016-01-25 * "Rose Flower" "Eating out alone"
  Liabilities:US:Chase:Slate                       -31.12 USD
  Expenses:Food:Restaurant                          31.12 USD

2016-01-26 * "Farmer Fresh" "Buying groceries"
  Liabilities:US:Chase:Slate                       -69.42 USD
  Expenses:Food:Groceries                           69.42 USD

2016-01-27 * "Rose Flower" "Eating out with work buddies"
  Liabilities:US:Chase:Slate                       -15.25 USD
  Expenses:Food:Restaurant                          15.25 USD

2016-01-28 * "Metro Transport Authority" "Tram tickets"
  Liabilities:US:Chase:Slate                      -120.00 USD
  Expenses:Transport:Tram                          120.00 USD

2016-01-30 * "Rose Flower" "Eating out alone"
  Liabilities:US:Chase:Slate                       -21.03 USD
  Expenses:Food:Restaurant                          21.03 USD

2016-02-03 * "Rose Flower" "Eating out after work"
  Liabilities:US:Chase:Slate                       -18.14 USD
  Expenses:Food:Restaurant                          18.14 USD

2016-02-04 * "Rose Flower" "Eating out with Bill"
  Liabilities:US:Chase:Slate                       -17.80 USD
  Expenses:Food:Restaurant                          17.80 USD

2016-02-07 * "Goba Goba" "Eating out with Joe"
  Liabilities:US:Chase:Slate                       -15.85 USD
  Expenses:Food:Restaurant                          15.85 USD

2016-02-08 * "Goba Goba" "Eating out with work buddies"
  Liabilities:US:Chase:Slate                       -37.13 USD
  Expenses:Food:Restaurant                          37.13 USD

2016-02-08 * "Good Moods Market" "Buying groceries"
  Liabilities:US:Chase:Slate                      -104.33 USD
  Expenses:Food:Groceries                          104.33 USD

2016-02-08 * "Chase:Slate" "Paying off credit card"
  Liabilities:US:Chase:Slate                       591.85 USD
  Assets:US:BofA:Checking                         -591.85 USD

2016-02-13 * "Cafe Modagor" "Eating out "
  Liabilities:US:Chase:Slate                       -28.99 USD
  Expenses:Food:Restaurant                          28.99 USD

2016-02-14 balance Liabilities:US:Chase:Slate     -646.03 USD

2016-02-17 * "Cafe Modagor" "Eating out with work buddies"
  Liabilities:US:Chase:Slate                       -21.13 USD
  Expenses:Food:Restaurant                          21.13 USD

2016-02-18 * "China Garden" "Eating out after work"
  Liabilities:US:Chase:Slate                       -26.04 USD
  Expenses:Food:Restaurant                          26.04 USD

2016-02-19 * "Farmer Fresh" "Buying groceries"
  Liabilities:US:Chase:Slate                       -82.20 USD
  Expenses:Food:Groceries                           82.20 USD

2016-02-23 * "Cafe Modagor" "Eating out after work"
  Liabilities:US:Chase:Slate                       -23.73 USD
  Expenses:Food:Restaurant                          23.73 USD

2016-02-24 * "Metro Transport Authority" "Tram tickets"
  Liabilities:US:Chase:Slate                      -120.00 USD
  Expenses:Transport:Tram                          120.00 USD

2016-02-27 * "Rose Flower" "Eating out after work"
  Liabilities:US:Chase:Slate                       -16.65 USD
  Expenses:Food:Restaurant                          16.65 USD

2016-03-03 * "Jewel of Morroco" "Eating out "
  Liabilities:US:Chase:Slate                       -33.98 USD
  Expenses:Food:Restaurant                          33.98 USD

2016-03-03 * "Good Moods Market" "Buying groceries"
  Liabilities:US:Chase:Slate                       -86.68 USD
  Expenses:Food:Groceries                           86.68 USD

2016-03-08 * "Uncle Boons" "Eating out alone"
  Liabilities:US:Chase:Slate                       -48.57 USD
  Expenses:Food:Restaurant                          48.57 USD

2016-03-09 * "Goba Goba" "Eating out with work buddies"
  Liabilities:US:Chase:Slate                       -23.52 USD
  Expenses:Food:Restaurant                          23.52 USD

2016-03-10 * "Chichipotle" "Eating out with work buddies"
  Liabilities:US:Chase:Slate                       -36.11 USD
  Expenses:Food:Restaurant                          36.11 USD

2016-03-11 * "Cafe Modagor" "Eating out with Natasha"
  Liabilities:US:Chase:Slate                       -17.21 USD
  Expenses:Food:Restaurant                          17.21 USD

2016-03-11 * "Chase:Slate" "Paying off credit card"
  Liabilities:US:Chase:Slate                       669.14 USD
  Assets:US:BofA:Checking                         -669.14 USD

2016-03-12 balance Liabilities:US:Chase:Slate     -512.71 USD

2016-03-15 * "Corner Deli" "Buying groceries"
  Liabilities:US:Chase:Slate                       -66.24 USD
  Expenses:Food:Groceries                           66.24 USD

2016-03-16 * "Kin Soy" "Eating out with Natasha"
  Liabilities:US:Chase:Slate                       -58.12 USD
  Expenses:Food:Restaurant                          58.12 USD

2016-03-20 * "Chichipotle" "Eating out with Bill"
  Liabilities:US:Chase:Slate                       -19.98 USD
  Expenses:Food:Restaurant                          19.98 USD

2016-03-23 * "Cafe Modagor" "Eating out with Julie"
  Liabilities:US:Chase:Slate                       -39.07 USD
  Expenses:Food:Restaurant                          39.07 USD

2016-03-24 * "Cafe Modagor" "Eating out with Joe"
  Liabilities:US:Chase:Slate                       -26.14 USD
  Expenses:Food:Restaurant                          26.14 USD

2016-03-25 * "Goba Goba" "Eating out with Natasha"
  Liabilities:US:Chase:Slate                       -24.68 USD
  Expenses:Food:Restaurant                          24.68 USD

2016-03-25 * "Metro Transport Authority" "Tram tickets"
  Liabilities:US:Chase:Slate                      -120.00 USD
  Expenses:Transport:Tram                          120.00 USD

2016-03-30 * "Uncle Boons" "Eating out with Natasha"
  Liabilities:US:Chase:Slate                       -34.94 USD
  Expenses:Food:Restaurant                          34.94 USD

2016-03-30 * "Good Moods Market" "Buying groceries"
  Liabilities:US:Chase:Slate                      -119.90 USD
  Expenses:Food:Groceries                          119.90 USD

2016-03-31 * "China Garden" "Eating out with Julie"
  Liabilities:US:Chase:Slate                       -45.51 USD
  Expenses:Food:Restaurant                          45.51 USD

2016-04-01 balance Liabilities:US:Chase:Slate    -1067.29 USD

2016-04-04 * "Jewel of Morroco" "Eating out after work"
  Liabilities:US:Chase:Slate                       -28.13 USD
  Expenses:Food:Restaurant                          28.13 USD

2016-04-06 * "Cafe Modagor" "Eating out "
  Liabilities:US:Chase:Slate                       -14.84 USD
  Expenses:Food:Restaurant                          14.84 USD

2016-04-06 * "Farmer Fresh" "Buying groceries"
  Liabilities:US:Chase:Slate                       -58.70 USD
  Expenses:Food:Groceries                           58.70 USD

2016-04-09 * "Kin Soy" "Eating out after work"
  Liabilities:US:Chase:Slate                       -21.01 USD
  Expenses:Food:Restaurant                          21.01 USD

2016-04-10 * "Chase:Slate" "Paying off credit card"
  Liabilities:US:Chase:Slate                       693.92 USD
  Assets:US:BofA:Checking                         -693.92 USD

2016-04-11 * "Chichipotle" "Eating out with Julie"
  Liabilities:US:Chase:Slate                       -16.66 USD
  Expenses:Food:Restaurant                          16.66 USD

2016-04-12 * "Uncle Boons" "Eating out with Natasha"
  Liabilities:US:Chase:Slate                       -27.30 USD
  Expenses:Food:Restaurant                          27.30 USD

2016-04-14 * "Rose Flower" "Eating out with Julie"
  Liabilities:US:Chase:Slate                       -19.56 USD
  Expenses:Food:Restaurant                          19.56 USD

2016-04-14 * "Onion Market" "Buying groceries"
  Liabilities:US:Chase:Slate                       -54.36 USD
  Expenses:Food:Groceries                           54.36 USD

2016-04-16 * "China Garden" "Eating out with Natasha"
  Liabilities:US:Chase:Slate                       -13.51 USD
  Expenses:Food:Restaurant                          13.51 USD

2016-04-17 * "Kin Soy" "Eating out after work"
  Liabilities:US:Chase:Slate                       -19.89 USD
  Expenses:Food:Restaurant                          19.89 USD

2016-04-22 * "Goba Goba" "Eating out with Natasha"
  Liabilities:US:Chase:Slate                       -30.20 USD
  Expenses:Food:Restaurant                          30.20 USD

2016-04-22 * "Metro Transport Authority" "Tram tickets"
  Liabilities:US:Chase:Slate                      -120.00 USD
  Expenses:Transport:Tram                          120.00 USD

2016-04-25 * "Uncle Boons" "Eating out "
  Liabilities:US:Chase:Slate                       -22.14 USD
  Expenses:Food:Restaurant                          22.14 USD

2016-04-28 * "Chichipotle" "Eating out with Natasha"
  Liabilities:US:Chase:Slate                       -21.48 USD
  Expenses:Food:Restaurant                          21.48 USD

2016-04-29 balance Liabilities:US:Chase:Slate     -841.15 USD

2016-04-29 * "China Garden" "Eating out "
  Liabilities:US:Chase:Slate                       -31.16 USD
  Expenses:Food:Restaurant                          31.16 USD

2016-05-01 * "Rose Flower" "Eating out with Natasha"
  Liabilities:US:Chase:Slate                       -24.74 USD
  Expenses:Food:Restaurant                          24.74 USD

2016-05-03 * "Onion Market" "Buying groceries"
  Liabilities:US:Chase:Slate                       -56.57 USD
  Expenses:Food:Groceries                           56.57 USD

2016-05-05 * "China Garden" "Eating out alone"
  Liabilities:US:Chase:Slate                       -42.35 USD
  Expenses:Food:Restaurant                          42.35 USD

2016-05-06 * "Rose Flower" "Eating out with Julie"
  Liabilities:US:Chase:Slate                       -22.51 USD
  Expenses:Food:Restaurant                          22.51 USD

2016-05-10 * "Jewel of Morroco" "Eating out with Julie"
  Liabilities:US:Chase:Slate                       -37.69 USD
  Expenses:Food:Restaurant                          37.69 USD

2016-05-11 * "Chase:Slate" "Paying off credit card"
  Liabilities:US:Chase:Slate                       631.35 USD
  Assets:US:BofA:Checking                         -631.35 USD

2016-05-15 * "Chichipotle" "Eating out after work"
  Liabilities:US:Chase:Slate                       -87.89 USD
  Expenses:Food:Restaurant                          87.89 USD

2016-05-19 * "China Garden" "Eating out with Natasha"
  Liabilities:US:Chase:Slate                       -38.19 USD
  Expenses:Food:Restaurant                          38.19 USD

2016-05-20 * "Metro Transport Authority" "Tram tickets"
  Liabilities:US:Chase:Slate                      -120.00 USD
  Expenses:Transport:Tram                          120.00 USD

2016-05-21 * "Farmer Fresh" "Buying groceries"
  Liabilities:US:Chase:Slate                       -97.41 USD
  Expenses:Food:Groceries                           97.41 USD

2016-05-23 * "Chichipotle" "Eating out after work"
  Liabilities:US:Chase:Slate                       -43.14 USD
  Expenses:Food:Restaurant                          43.14 USD

2016-05-24 balance Liabilities:US:Chase:Slate     -811.45 USD

2016-05-27 * "Rose Flower" "Eating out with Julie"
  Liabilities:US:Chase:Slate                       -24.05 USD
  Expenses:Food:Restaurant                          24.05 USD

2016-06-01 * "Jewel of Morroco" "Eating out "
  Liabilities:US:Chase:Slate                       -12.57 USD
  Expenses:Food:Restaurant                          12.57 USD

2016-06-02 * "Onion Market" "Buying groceries"
  Liabilities:US:Chase:Slate                       -52.19 USD
  Expenses:Food:Groceries                           52.19 USD

2016-06-04 * "Jewel of Morroco" "Eating out alone"
  Liabilities:US:Chase:Slate                       -18.63 USD
  Expenses:Food:Restaurant                          18.63 USD

2016-06-07 * "Cafe Modagor" "Eating out with work buddies"
  Liabilities:US:Chase:Slate                       -13.36 USD
  Expenses:Food:Restaurant                          13.36 USD

2016-06-10 * "Kin Soy" "Eating out "
  Liabilities:US:Chase:Slate                       -54.27 USD
  Expenses:Food:Restaurant                          54.27 USD

2016-06-11 * "Chase:Slate" "Paying off credit card"
  Liabilities:US:Chase:Slate                       520.23 USD
  Assets:US:BofA:Checking                         -520.23 USD

2016-06-14 * "Cafe Modagor" "Eating out with Natasha"
  Liabilities:US:Chase:Slate                       -46.42 USD
  Expenses:Food:Restaurant                          46.42 USD

2016-06-16 * "Uncle Boons" "Eating out "
  Liabilities:US:Chase:Slate                       -27.45 USD
  Expenses:Food:Restaurant                          27.45 USD

2016-06-18 balance Liabilities:US:Chase:Slate     -540.16 USD

2016-06-19 * "Farmer Fresh" "Buying groceries"
  Liabilities:US:Chase:Slate                       -34.97 USD
  Expenses:Food:Groceries                           34.97 USD

2016-06-20 * "Chichipotle" "Eating out with Julie"
  Liabilities:US:Chase:Slate                       -20.05 USD
  Expenses:Food:Restaurant                          20.05 USD

2016-06-21 * "Metro Transport Authority" "Tram tickets"
  Liabilities:US:Chase:Slate                      -120.00 USD
  Expenses:Transport:Tram                          120.00 USD

2016-06-24 * "Goba Goba" "Eating out with Joe"
  Liabilities:US:Chase:Slate                       -13.91 USD
  Expenses:Food:Restaurant                          13.91 USD

2016-06-25 * "China Garden" "Eating out with Bill"
  Liabilities:US:Chase:Slate                       -51.33 USD
  Expenses:Food:Restaurant                          51.33 USD

2016-06-26 * "Goba Goba" "Eating out with Julie"
  Liabilities:US:Chase:Slate                       -17.34 USD
  Expenses:Food:Restaurant                          17.34 USD

2016-06-30 * "Jewel of Morroco" "Eating out with Julie"
  Liabilities:US:Chase:Slate                       -32.18 USD
  Expenses:Food:Restaurant                          32.18 USD

2016-06-30 * "Good Moods Market" "Buying groceries"
  Liabilities:US:Chase:Slate                       -66.10 USD
  Expenses:Food:Groceries                           66.10 USD

2016-07-02 * "Goba Goba" "Eating out with work buddies"
  Liabilities:US:Chase:Slate                       -24.28 USD
  Expenses:Food:Restaurant                          24.28 USD

2016-07-03 * "Jewel of Morroco" "Eating out with Joe"
  Liabilities:US:Chase:Slate                       -19.76 USD
  Expenses:Food:Restaurant                          19.76 USD

2016-07-04 * "Chichipotle" "Eating out with Joe"
  Liabilities:US:Chase:Slate                       -21.87 USD
  Expenses:Food:Restaurant                          21.87 USD

2016-07-06 * "Good Moods Market" "Buying groceries"
  Liabilities:US:Chase:Slate                      -100.42 USD
  Expenses:Food:Groceries                          100.42 USD

2016-07-09 * "Uncle Boons" "Eating out alone"
  Liabilities:US:Chase:Slate                       -22.35 USD
  Expenses:Food:Restaurant                          22.35 USD

2016-07-11 * "Chase:Slate" "Paying off credit card"
  Liabilities:US:Chase:Slate                       614.66 USD
  Assets:US:BofA:Checking                         -614.66 USD

2016-07-13 balance Liabilities:US:Chase:Slate     -470.06 USD

2016-07-14 * "Goba Goba" "Eating out with Joe"
  Liabilities:US:Chase:Slate                       -42.65 USD
  Expenses:Food:Restaurant                          42.65 USD

2016-07-18 * "Onion Market" "Buying groceries"
  Liabilities:US:Chase:Slate                       -79.35 USD
  Expenses:Food:Groceries                           79.35 USD

2016-07-19 * "Jewel of Morroco" "Eating out "
  Liabilities:US:Chase:Slate                       -43.66 USD
  Expenses:Food:Restaurant                          43.66 USD

2016-07-20 * "Uncle Boons" "Eating out alone"
  Liabilities:US:Chase:Slate                       -54.46 USD
  Expenses:Food:Restaurant                          54.46 USD

2016-07-22 * "Metro Transport Authority" "Tram tickets"
  Liabilities:US:Chase:Slate                      -120.00 USD
  Expenses:Transport:Tram                          120.00 USD

2016-07-23 * "Good Moods Market" "Buying groceries"
  Liabilities:US:Chase:Slate                       -80.04 USD
  Expenses:Food:Groceries                           80.04 USD

2016-07-24 * "Goba Goba" "Eating out "
  Liabilities:US:Chase:Slate                       -24.79 USD
  Expenses:Food:Restaurant                          24.79 USD

2016-07-27 * "Goba Goba" "Eating out with Julie"
  Liabilities:US:Chase:Slate                       -24.17 USD
  Expenses:Food:Restaurant                          24.17 USD

2016-07-30 * "China Garden" "Eating out with Natasha"
  Liabilities:US:Chase:Slate                       -51.57 USD
  Expenses:Food:Restaurant                          51.57 USD

2016-07-31 * "Corner Deli" "Buying groceries"
  Liabilities:US:Chase:Slate                      -104.53 USD
  Expenses:Food:Groceries                          104.53 USD

2016-08-02 balance Liabilities:US:Chase:Slate    -1095.28 USD

2016-08-04 * "Chichipotle" "Eating out with Bill"
  Liabilities:US:Chase:Slate                       -31.32 USD
  Expenses:Food:Restaurant                          31.32 USD

2016-08-07 * "Chase:Slate" "Paying off credit card"
  Liabilities:US:Chase:Slate                       641.81 USD
  Assets:US:BofA:Checking                         -641.81 USD

2016-08-08 * "Goba Goba" "Eating out with Joe"
  Liabilities:US:Chase:Slate                       -27.92 USD
  Expenses:Food:Restaurant                          27.92 USD

2016-08-10 * "Cafe Modagor" "Eating out with Julie"
  Liabilities:US:Chase:Slate                       -24.24 USD
  Expenses:Food:Restaurant                          24.24 USD

2016-08-13 * "Farmer Fresh" "Buying groceries"
  Liabilities:US:Chase:Slate                      -109.28 USD
  Expenses:Food:Groceries                          109.28 USD

2016-08-15 * "Jewel of Morroco" "Eating out with Bill"
  Liabilities:US:Chase:Slate                       -26.66 USD
  Expenses:Food:Restaurant                          26.66 USD

2016-08-19 * "Chichipotle" "Eating out alone"
  Liabilities:US:Chase:Slate                       -49.67 USD
  Expenses:Food:Restaurant                          49.67 USD

2016-08-19 * "Metro Transport Authority" "Tram tickets"
  Liabilities:US:Chase:Slate                      -120.00 USD
  Expenses:Transport:Tram                          120.00 USD

2016-08-21 * "Kin Soy" "Eating out alone"
  Liabilities:US:Chase:Slate                       -15.81 USD
  Expenses:Food:Restaurant                          15.81 USD

2016-08-26 * "China Garden" "Eating out with Julie"
  Liabilities:US:Chase:Slate                       -25.28 USD
  Expenses:Food:Restaurant                          25.28 USD

2016-08-27 * "Jewel of Morroco" "Eating out with Bill"
  Liabilities:US:Chase:Slate                       -34.09 USD
  Expenses:Food:Restaurant                          34.09 USD

2016-08-30 balance Liabilities:US:Chase:Slate     -917.74 USD

2016-08-31 * "Chichipotle" "Eating out "
  Liabilities:US:Chase:Slate                       -36.15 USD
  Expenses:Food:Restaurant                          36.15 USD

2016-08-31 * "Good Moods Market" "Buying groceries"
  Liabilities:US:Chase:Slate                       -90.72 USD
  Expenses:Food:Groceries                           90.72 USD

2016-09-02 * "China Garden" "Eating out after work"
  Liabilities:US:Chase:Slate                       -18.41 USD
  Expenses:Food:Restaurant                          18.41 USD

2016-09-04 * "China Garden" "Eating out with Bill"
  Liabilities:US:Chase:Slate                       -15.37 USD
  Expenses:Food:Restaurant                          15.37 USD

2016-09-09 * "Cafe Modagor" "Eating out alone"
  Liabilities:US:Chase:Slate                       -44.08 USD
  Expenses:Food:Restaurant                          44.08 USD

2016-09-10 * "Chase:Slate" "Paying off credit card"
  Liabilities:US:Chase:Slate                       634.18 USD
  Assets:US:BofA:Checking                         -634.18 USD

2016-09-11 * "Kin Soy" "Eating out with Joe"
  Liabilities:US:Chase:Slate                       -24.42 USD
  Expenses:Food:Restaurant                          24.42 USD

2016-09-11 * "Farmer Fresh" "Buying groceries"
  Liabilities:US:Chase:Slate                       -61.94 USD
  Expenses:Food:Groceries                           61.94 USD

2016-09-12 * "Uncle Boons" "Eating out with Julie"
  Liabilities:US:Chase:Slate                       -43.23 USD
  Expenses:Food:Restaurant                          43.23 USD

2016-09-13 * "Chichipotle" "Eating out after work"
  Liabilities:US:Chase:Slate                       -56.58 USD
  Expenses:Food:Restaurant                          56.58 USD

2016-09-15 * "Kin Soy" "Eating out with Natasha"
  Liabilities:US:Chase:Slate                       -23.68 USD
  Expenses:Food:Restaurant                          23.68 USD

2016-09-18 * "Kin Soy" "Eating out with Joe"
  Liabilities:US:Chase:Slate                       -39.84 USD
  Expenses:Food:Restaurant                          39.84 USD

2016-09-18 * "Metro Transport Authority" "Tram tickets"
  Liabilities:US:Chase:Slate                      -120.00 USD
  Expenses:Transport:Tram                          120.00 USD

2016-09-21 balance Liabilities:US:Chase:Slate     -857.98 USD

2016-09-22 * "Uncle Boons" "Eating out alone"
  Liabilities:US:Chase:Slate                       -49.05 USD
  Expenses:Food:Restaurant                          49.05 USD

2016-09-24 * "Good Moods Market" "Buying groceries"
  Liabilities:US:Chase:Slate                      -101.33 USD
  Expenses:Food:Groceries                          101.33 USD

2016-09-26 * "Rose Flower" "Eating out with Bill"
  Liabilities:US:Chase:Slate                       -16.25 USD
  Expenses:Food:Restaurant                          16.25 USD

2016-09-29 * "Uncle Boons" "Eating out with work buddies"
  Liabilities:US:Chase:Slate                       -16.92 USD
  Expenses:Food:Restaurant                          16.92 USD

2016-10-04 * "Rose Flower" "Eating out with Bill"
  Liabilities:US:Chase:Slate                       -41.78 USD
  Expenses:Food:Restaurant                          41.78 USD

2016-10-09 * "Kin Soy" "Eating out with work buddies"
  Liabilities:US:Chase:Slate                       -30.34 USD
  Expenses:Food:Restaurant                          30.34 USD

2016-10-09 * "Farmer Fresh" "Buying groceries"
  Liabilities:US:Chase:Slate                       -79.44 USD
  Expenses:Food:Groceries                           79.44 USD

2016-10-09 * "Chase:Slate" "Paying off credit card"
  Liabilities:US:Chase:Slate                       600.94 USD
  Assets:US:BofA:Checking                         -600.94 USD

2016-10-10 * "Kin Soy" "Eating out with Joe"
  Liabilities:US:Chase:Slate                       -47.14 USD
  Expenses:Food:Restaurant                          47.14 USD

2016-10-11 * "Rose Flower" "Eating out with Joe"
  Liabilities:US:Chase:Slate                       -37.36 USD
  Expenses:Food:Restaurant                          37.36 USD

2016-10-13 event "location" "New York"

2016-10-14 * "Uncle Boons" "" #trip-new-york-2016
  Liabilities:US:Chase:Slate                       -38.38 USD
  Expenses:Food:Restaurant                          38.38 USD

2016-10-14 * "Laut" "" #trip-new-york-2016
  Liabilities:US:Chase:Slate                       -36.97 USD
  Expenses:Food:Restaurant                          36.97 USD

2016-10-15 balance Liabilities:US:Chase:Slate     -752.00 USD

2016-10-15 * "Gimme! Coffee" "" #trip-new-york-2016
  Liabilities:US:Chase:Slate                        -9.64 USD
  Expenses:Food:Coffee                               9.64 USD

2016-10-16 * "Uncle Boons" "" #trip-new-york-2016
  Liabilities:US:Chase:Slate                       -40.27 USD
  Expenses:Food:Restaurant                          40.27 USD

2016-10-16 * "La Colombe" "" #trip-new-york-2016
  Liabilities:US:Chase:Slate                        -6.06 USD
  Expenses:Food:Coffee                               6.06 USD

2016-10-16 * "Gimme! Coffee" "" #trip-new-york-2016
  Liabilities:US:Chase:Slate                        -6.12 USD
  Expenses:Food:Coffee                               6.12 USD

2016-10-17 * "Laut" "" #trip-new-york-2016
  Liabilities:US:Chase:Slate                       -35.48 USD
  Expenses:Food:Restaurant                          35.48 USD

2016-10-18 * "Cafe Select" "" #trip-new-york-2016
  Liabilities:US:Chase:Slate                       -31.64 USD
  Expenses:Food:Restaurant                          31.64 USD

2016-10-18 * "La Colombe" "" #trip-new-york-2016
  Liabilities:US:Chase:Slate                        -6.48 USD
  Expenses:Food:Coffee                               6.48 USD

2016-10-20 * "Uncle Boons" "" #trip-new-york-2016
  Liabilities:US:Chase:Slate                       -45.83 USD
  Expenses:Food:Restaurant                          45.83 USD

2016-10-20 * "Takahachi" "" #trip-new-york-2016
  Liabilities:US:Chase:Slate                       -53.93 USD
  Expenses:Food:Restaurant                          53.93 USD

2016-10-20 * "La Colombe" "" #trip-new-york-2016
  Liabilities:US:Chase:Slate                        -5.63 USD
  Expenses:Food:Coffee                               5.63 USD

2016-10-20 * "Gimme! Coffee" "" #trip-new-york-2016
  Liabilities:US:Chase:Slate                        -5.05 USD
  Expenses:Food:Coffee                               5.05 USD

2016-10-21 * "Uncle Boons" "" #trip-new-york-2016
  Liabilities:US:Chase:Slate                       -42.62 USD
  Expenses:Food:Restaurant                          42.62 USD

2016-10-21 * "Takahachi" "" #trip-new-york-2016
  Liabilities:US:Chase:Slate                       -52.19 USD
  Expenses:Food:Restaurant                          52.19 USD

2016-10-21 * "La Colombe" "" #trip-new-york-2016
  Liabilities:US:Chase:Slate                        -6.16 USD
  Expenses:Food:Coffee                               6.16 USD

2016-10-22 * "Uncle Boons" "" #trip-new-york-2016
  Liabilities:US:Chase:Slate                       -42.44 USD
  Expenses:Food:Restaurant                          42.44 USD

2016-10-22 * "Takahachi" "" #trip-new-york-2016
  Liabilities:US:Chase:Slate                       -55.84 USD
  Expenses:Food:Restaurant                          55.84 USD

2016-10-22 * "Laut" "" #trip-new-york-2016
  Liabilities:US:Chase:Slate                       -30.14 USD
  Expenses:Food:Restaurant                          30.14 USD

2016-10-22 * "Consume vacation days"
  Assets:US:Babble:Vacation                           -72 VACHR
  Expenses:Vacation                                    72 VACHR

2016-10-22 event "location" "New Metropolis"

2016-10-23 * "Cafe Modagor" "Eating out after work"
  Liabilities:US:Chase:Slate                       -36.24 USD
  Expenses:Food:Restaurant                          36.24 USD

2016-10-25 * "China Garden" "Eating out with work buddies"
  Liabilities:US:Chase:Slate                       -30.99 USD
  Expenses:Food:Restaurant                          30.99 USD

2016-10-27 * "Rose Flower" "Eating out after work"
  Liabilities:US:Chase:Slate                       -14.69 USD
  Expenses:Food:Restaurant                          14.69 USD

2016-10-27 * "Good Moods Market" "Buying groceries"
  Liabilities:US:Chase:Slate                       -72.29 USD
  Expenses:Food:Groceries                           72.29 USD

2016-10-31 * "China Garden" "Eating out alone"
  Liabilities:US:Chase:Slate                       -25.28 USD
  Expenses:Food:Restaurant                          25.28 USD

2016-11-02 * "Kin Soy" "Eating out with work buddies"
  Liabilities:US:Chase:Slate                       -25.57 USD
  Expenses:Food:Restaurant                          25.57 USD

2016-11-04 * "Kin Soy" "Eating out alone"
  Liabilities:US:Chase:Slate                        -9.42 USD
  Expenses:Food:Restaurant                           9.42 USD

2016-11-07 * "Cafe Modagor" "Eating out with Natasha"
  Liabilities:US:Chase:Slate                       -19.87 USD
  Expenses:Food:Restaurant                          19.87 USD

2016-11-08 * "China Garden" "Eating out "
  Liabilities:US:Chase:Slate                       -20.54 USD
  Expenses:Food:Restaurant                          20.54 USD

2016-11-09 * "Chase:Slate" "Paying off credit card"
  Liabilities:US:Chase:Slate                       476.26 USD
  Assets:US:BofA:Checking                         -476.26 USD

2016-11-10 * "Onion Market" "Buying groceries"
  Liabilities:US:Chase:Slate                       -57.43 USD
  Expenses:Food:Groceries                           57.43 USD

2016-11-13 * "Rose Flower" "Eating out with Julie"
  Liabilities:US:Chase:Slate                       -28.23 USD
  Expenses:Food:Restaurant                          28.23 USD

2016-11-14 balance Liabilities:US:Chase:Slate    -1091.81 USD

2016-11-16 * "Uncle Boons" "Eating out alone"
  Liabilities:US:Chase:Slate                       -50.00 USD
  Expenses:Food:Restaurant                          50.00 USD

2016-11-18 * "Farmer Fresh" "Buying groceries"
  Liabilities:US:Chase:Slate                       -49.42 USD
  Expenses:Food:Groceries                           49.42 USD

2016-11-21 * "Jewel of Morroco" "Eating out with Natasha"
  Liabilities:US:Chase:Slate                       -25.94 USD
  Expenses:Food:Restaurant                          25.94 USD

2016-11-22 * "Metro Transport Authority" "Tram tickets"
  Liabilities:US:Chase:Slate                      -120.00 USD
  Expenses:Transport:Tram                          120.00 USD

2016-11-24 * "Uncle Boons" "Eating out "
  Liabilities:US:Chase:Slate                       -15.37 USD
  Expenses:Food:Restaurant                          15.37 USD

2016-11-29 * "Goba Goba" "Eating out with Bill"
  Liabilities:US:Chase:Slate                       -32.59 USD
  Expenses:Food:Restaurant                          32.59 USD

2016-11-30 * "Onion Market" "Buying groceries"
  Liabilities:US:Chase:Slate                       -89.15 USD
  Expenses:Food:Groceries                           89.15 USD

2016-12-01 * "Uncle Boons" "Eating out with Julie"
  Liabilities:US:Chase:Slate                       -23.43 USD
  Expenses:Food:Restaurant                          23.43 USD

2016-12-03 * "Kin Soy" "Eating out after work"
  Liabilities:US:Chase:Slate                       -22.76 USD
  Expenses:Food:Restaurant                          22.76 USD

2016-12-04 * "Chichipotle" "Eating out alone"
  Liabilities:US:Chase:Slate                       -36.95 USD
  Expenses:Food:Restaurant                          36.95 USD

2016-12-08 balance Liabilities:US:Chase:Slate    -1557.42 USD

2016-12-09 * "Cafe Modagor" "Eating out with Joe"
  Liabilities:US:Chase:Slate                       -31.23 USD
  Expenses:Food:Restaurant                          31.23 USD

2016-12-11 * "Chase:Slate" "Paying off credit card"
  Liabilities:US:Chase:Slate                       543.98 USD
  Assets:US:BofA:Checking                         -543.98 USD

2016-12-14 * "Cafe Modagor" "Eating out with Bill"
  Liabilities:US:Chase:Slate                       -18.91 USD
  Expenses:Food:Restaurant                          18.91 USD

2016-12-14 * "Good Moods Market" "Buying groceries"
  Liabilities:US:Chase:Slate                      -116.47 USD
  Expenses:Food:Groceries                          116.47 USD

2016-12-19 * "Cafe Modagor" "Eating out with Julie"
  Liabilities:US:Chase:Slate                       -27.87 USD
  Expenses:Food:Restaurant                          27.87 USD

2016-12-20 * "Jewel of Morroco" "Eating out alone"
  Liabilities:US:Chase:Slate                       -49.00 USD
  Expenses:Food:Restaurant                          49.00 USD

2016-12-21 * "China Garden" "Eating out with Julie"
  Liabilities:US:Chase:Slate                       -50.35 USD
  Expenses:Food:Restaurant                          50.35 USD

2016-12-21 * "Metro Transport Authority" "Tram tickets"
  Liabilities:US:Chase:Slate                      -120.00 USD
  Expenses:Transport:Tram                          120.00 USD

2016-12-22 * "Rose Flower" "Eating out with Natasha"
  Liabilities:US:Chase:Slate                       -30.61 USD
  Expenses:Food:Restaurant                          30.61 USD

2016-12-25 * "Goba Goba" "Eating out with Natasha"
  Liabilities:US:Chase:Slate                       -32.50 USD
  Expenses:Food:Restaurant                          32.50 USD

2016-12-28 * "Chichipotle" "Eating out after work"
  Liabilities:US:Chase:Slate                       -17.39 USD
  Expenses:Food:Restaurant                          17.39 USD

2016-12-29 * "Good Moods Market" "Buying groceries"
  Liabilities:US:Chase:Slate                      -125.05 USD
  Expenses:Food:Groceries                          125.05 USD

2017-01-01 * "Jewel of Morroco" "Eating out with Natasha"
  Liabilities:US:Chase:Slate                       -32.55 USD
  Expenses:Food:Restaurant                          32.55 USD

2017-01-02 * "Rose Flower" "Eating out with Natasha"
  Liabilities:US:Chase:Slate                       -44.44 USD
  Expenses:Food:Restaurant                          44.44 USD

2017-01-03 balance Liabilities:US:Chase:Slate    -1709.81 USD

2017-01-07 * "Rose Flower" "Eating out "
  Liabilities:US:Chase:Slate                       -28.22 USD
  Expenses:Food:Restaurant                          28.22 USD

2017-01-08 * "Chase:Slate" "Paying off credit card"
  Liabilities:US:Chase:Slate                       707.35 USD
  Assets:US:BofA:Checking                         -707.35 USD

2017-01-12 * "China Garden" "Eating out "
  Liabilities:US:Chase:Slate                       -32.90 USD
  Expenses:Food:Restaurant                          32.90 USD

2017-01-15 * "Cafe Modagor" "Eating out with Natasha"
  Liabilities:US:Chase:Slate                       -37.44 USD
  Expenses:Food:Restaurant                          37.44 USD

2017-01-15 * "Good Moods Market" "Buying groceries"
  Liabilities:US:Chase:Slate                      -140.54 USD
  Expenses:Food:Groceries                          140.54 USD

2017-01-19 * "Goba Goba" "Eating out with Natasha"
  Liabilities:US:Chase:Slate                       -36.31 USD
  Expenses:Food:Restaurant                          36.31 USD

2017-01-20 * "China Garden" "Eating out alone"
  Liabilities:US:Chase:Slate                       -43.42 USD
  Expenses:Food:Restaurant                          43.42 USD

2017-01-20 * "Metro Transport Authority" "Tram tickets"
  Liabilities:US:Chase:Slate                      -120.00 USD
  Expenses:Transport:Tram                          120.00 USD

2017-01-25 * "Rose Flower" "Eating out with Julie"
  Liabilities:US:Chase:Slate                       -26.99 USD
  Expenses:Food:Restaurant                          26.99 USD

2017-01-26 balance Liabilities:US:Chase:Slate    -1468.28 USD

2017-01-30 * "Goba Goba" "Eating out with Bill"
  Liabilities:US:Chase:Slate                       -25.30 USD
  Expenses:Food:Restaurant                          25.30 USD

2017-02-02 * "Kin Soy" "Eating out after work"
  Liabilities:US:Chase:Slate                       -56.93 USD
  Expenses:Food:Restaurant                          56.93 USD

2017-02-02 * "Farmer Fresh" "Buying groceries"
  Liabilities:US:Chase:Slate                      -144.65 USD
  Expenses:Food:Groceries                          144.65 USD

2017-02-04 * "Kin Soy" "Eating out "
  Liabilities:US:Chase:Slate                       -23.28 USD
  Expenses:Food:Restaurant                          23.28 USD

2017-02-08 * "Cafe Modagor" "Eating out with work buddies"
  Liabilities:US:Chase:Slate                       -42.25 USD
  Expenses:Food:Restaurant                          42.25 USD

2017-02-09 * "Chase:Slate" "Paying off credit card"
  Liabilities:US:Chase:Slate                       799.99 USD
  Assets:US:BofA:Checking                         -799.99 USD

2017-02-11 * "Farmer Fresh" "Buying groceries"
  Liabilities:US:Chase:Slate                      -102.88 USD
  Expenses:Food:Groceries                          102.88 USD

2017-02-12 * "Rose Flower" "Eating out with Julie"
  Liabilities:US:Chase:Slate                       -19.02 USD
  Expenses:Food:Restaurant                          19.02 USD

2017-02-13 * "Goba Goba" "Eating out with Bill"
  Liabilities:US:Chase:Slate                       -42.64 USD
  Expenses:Food:Restaurant                          42.64 USD

2017-02-17 * "Kin Soy" "Eating out with work buddies"
  Liabilities:US:Chase:Slate                       -24.48 USD
  Expenses:Food:Restaurant                          24.48 USD

2017-02-17 * "Metro Transport Authority" "Tram tickets"
  Liabilities:US:Chase:Slate                      -120.00 USD
  Expenses:Transport:Tram                          120.00 USD

2017-02-20 * "Kin Soy" "Eating out with Joe"
  Liabilities:US:Chase:Slate                       -39.22 USD
  Expenses:Food:Restaurant                          39.22 USD

2017-02-22 balance Liabilities:US:Chase:Slate    -1308.94 USD

2017-02-23 * "Cafe Modagor" "Eating out after work"
  Liabilities:US:Chase:Slate                       -47.23 USD
  Expenses:Food:Restaurant                          47.23 USD

2017-02-25 * "Jewel of Morroco" "Eating out with Julie"
  Liabilities:US:Chase:Slate                       -30.76 USD
  Expenses:Food:Restaurant                          30.76 USD

2017-02-25 * "Corner Deli" "Buying groceries"
  Liabilities:US:Chase:Slate                       -61.50 USD
  Expenses:Food:Groceries                           61.50 USD

2017-03-02 * "China Garden" "Eating out with Joe"
  Liabilities:US:Chase:Slate                       -24.64 USD
  Expenses:Food:Restaurant                          24.64 USD

2017-03-04 * "Kin Soy" "Eating out with Julie"
  Liabilities:US:Chase:Slate                       -15.91 USD
  Expenses:Food:Restaurant                          15.91 USD

2017-03-08 * "China Garden" "Eating out with Bill"
  Liabilities:US:Chase:Slate                       -18.28 USD
  Expenses:Food:Restaurant                          18.28 USD

2017-03-09 * "Jewel of Morroco" "Eating out alone"
  Liabilities:US:Chase:Slate                       -47.10 USD
  Expenses:Food:Restaurant                          47.10 USD

2017-03-09 * "Chase:Slate" "Paying off credit card"
  Liabilities:US:Chase:Slate                       490.78 USD
  Assets:US:BofA:Checking                         -490.78 USD

2017-03-11 * "Cafe Modagor" "Eating out "
  Liabilities:US:Chase:Slate                       -67.27 USD
  Expenses:Food:Restaurant                          67.27 USD

2017-03-14 * "Farmer Fresh" "Buying groceries"
  Liabilities:US:Chase:Slate                      -110.97 USD
  Expenses:Food:Groceries                          110.97 USD

2017-03-15 * "China Garden" "Eating out with work buddies"
  Liabilities:US:Chase:Slate                       -40.58 USD
  Expenses:Food:Restaurant                          40.58 USD

2017-03-18 * "Jewel of Morroco" "Eating out with work buddies"
  Liabilities:US:Chase:Slate                       -28.43 USD
  Expenses:Food:Restaurant                          28.43 USD

2017-03-19 balance Liabilities:US:Chase:Slate    -1310.83 USD

2017-03-20 * "Metro Transport Authority" "Tram tickets"
  Liabilities:US:Chase:Slate                      -120.00 USD
  Expenses:Transport:Tram                          120.00 USD

2017-03-21 event "location" "San Francisco"

2017-03-22 * "Mission Chinese Food" "" #trip-san-francisco-2017
  Liabilities:US:Chase:Slate                       -21.09 USD
  Expenses:Food:Restaurant                          21.09 USD

2017-03-23 * "Mission Chinese Food" "" #trip-san-francisco-2017
  Liabilities:US:Chase:Slate                       -19.16 USD
  Expenses:Food:Restaurant                          19.16 USD

2017-03-24 * "Bar Crudo" "" #trip-san-francisco-2017
  Liabilities:US:Chase:Slate                       -75.39 USD
  Expenses:Food:Restaurant                          75.39 USD

2017-03-24 * "Waterbar" "" #trip-san-francisco-2017
  Liabilities:US:Chase:Slate                       -47.48 USD
  Expenses:Food:Restaurant                          47.48 USD

2017-03-25 * "Bar Crudo" "" #trip-san-francisco-2017
  Liabilities:US:Chase:Slate                       -65.08 USD
  Expenses:Food:Restaurant                          65.08 USD

2017-03-25 * "Mission Chinese Food" "" #trip-san-francisco-2017
  Liabilities:US:Chase:Slate                       -26.51 USD
  Expenses:Food:Restaurant                          26.51 USD

2017-03-26 * "Bar Crudo" "" #trip-san-francisco-2017
  Liabilities:US:Chase:Slate                       -58.13 USD
  Expenses:Food:Restaurant                          58.13 USD

2017-03-27 * "Starbucks" "" #trip-san-francisco-2017
  Liabilities:US:Chase:Slate                        -6.23 USD
  Expenses:Food:Coffee                               6.23 USD

2017-03-28 * "Bar Crudo" "" #trip-san-francisco-2017
  Liabilities:US:Chase:Slate                       -72.86 USD
  Expenses:Food:Restaurant                          72.86 USD

2017-03-28 * "Pizza Delfina" "" #trip-san-francisco-2017
  Liabilities:US:Chase:Slate                       -19.35 USD
  Expenses:Food:Restaurant                          19.35 USD

2017-03-28 * "Starbucks" "" #trip-san-francisco-2017
  Liabilities:US:Chase:Slate                        -5.47 USD
  Expenses:Food:Coffee                               5.47 USD

2017-03-29 * "Bar Crudo" "" #trip-san-francisco-2017
  Liabilities:US:Chase:Slate                       -68.92 USD
  Expenses:Food:Restaurant                          68.92 USD

2017-03-29 * "Mission Chinese Food" "" #trip-san-francisco-2017
  Liabilities:US:Chase:Slate                       -31.26 USD
  Expenses:Food:Restaurant                          31.26 USD

2017-03-30 * "Waterbar" "" #trip-san-francisco-2017
  Liabilities:US:Chase:Slate                       -48.34 USD
  Expenses:Food:Restaurant                          48.34 USD

2017-03-31 * "Waterbar" "" #trip-san-francisco-2017
  Liabilities:US:Chase:Slate                       -47.57 USD
  Expenses:Food:Restaurant                          47.57 USD

2017-03-31 * "Mission Chinese Food" "" #trip-san-francisco-2017
  Liabilities:US:Chase:Slate                       -25.11 USD
  Expenses:Food:Restaurant                          25.11 USD

2017-03-31 * "Starbucks" "" #trip-san-francisco-2017
  Liabilities:US:Chase:Slate                        -6.21 USD
  Expenses:Food:Coffee                               6.21 USD

2017-04-01 * "Pizza Delfina" "" #trip-san-francisco-2017
  Liabilities:US:Chase:Slate                       -20.30 USD
  Expenses:Food:Restaurant                          20.30 USD

2017-04-01 * "Waterbar" "" #trip-san-francisco-2017
  Liabilities:US:Chase:Slate                       -39.52 USD
  Expenses:Food:Restaurant                          39.52 USD

2017-04-02 * "Bar Crudo" "" #trip-san-francisco-2017
  Liabilities:US:Chase:Slate                       -78.43 USD
  Expenses:Food:Restaurant                          78.43 USD

2017-04-02 * "Pizza Delfina" "" #trip-san-francisco-2017
  Liabilities:US:Chase:Slate                       -17.43 USD
  Expenses:Food:Restaurant                          17.43 USD

2017-04-03 * "Bar Crudo" "" #trip-san-francisco-2017
  Liabilities:US:Chase:Slate                       -61.25 USD
  Expenses:Food:Restaurant                          61.25 USD

2017-04-03 * "Consume vacation days"
  Assets:US:Babble:Vacation                          -104 VACHR
  Expenses:Vacation                                   104 VACHR

2017-04-03 event "location" "New Metropolis"

2017-04-04 * "Cafe Modagor" "Eating out after work"
  Liabilities:US:Chase:Slate                       -17.33 USD
  Expenses:Food:Restaurant                          17.33 USD

2017-04-04 * "Farmer Fresh" "Buying groceries"
  Liabilities:US:Chase:Slate                       -74.97 USD
  Expenses:Food:Groceries                           74.97 USD

2017-04-06 * "Chichipotle" "Eating out with Julie"
  Liabilities:US:Chase:Slate                       -19.46 USD
  Expenses:Food:Restaurant                          19.46 USD

2017-04-07 * "Chase:Slate" "Paying off credit card"
  Liabilities:US:Chase:Slate                       555.28 USD
  Assets:US:BofA:Checking                         -555.28 USD

2017-04-10 * "Good Moods Market" "Buying groceries"
  Liabilities:US:Chase:Slate                       -76.27 USD
  Expenses:Food:Groceries                           76.27 USD

2017-04-11 * "Jewel of Morroco" "Eating out with work buddies"
  Liabilities:US:Chase:Slate                       -35.75 USD
  Expenses:Food:Restaurant                          35.75 USD

2017-04-16 * "Chichipotle" "Eating out after work"
  Liabilities:US:Chase:Slate                       -24.97 USD
  Expenses:Food:Restaurant                          24.97 USD

2017-04-17 * "Kin Soy" "Eating out with Natasha"
  Liabilities:US:Chase:Slate                       -15.62 USD
  Expenses:Food:Restaurant                          15.62 USD

2017-04-18 balance Liabilities:US:Chase:Slate    -2001.01 USD

2017-04-18 * "Cafe Modagor" "Eating out "
  Liabilities:US:Chase:Slate                        -9.54 USD
  Expenses:Food:Restaurant                           9.54 USD

2017-04-19 * "Onion Market" "Buying groceries"
  Liabilities:US:Chase:Slate                       -85.02 USD
  Expenses:Food:Groceries                           85.02 USD

2017-04-20 * "Goba Goba" "Eating out "
  Liabilities:US:Chase:Slate                       -22.05 USD
  Expenses:Food:Restaurant                          22.05 USD

2017-04-20 * "Metro Transport Authority" "Tram tickets"
  Liabilities:US:Chase:Slate                      -120.00 USD
  Expenses:Transport:Tram                          120.00 USD

2017-04-22 * "Rose Flower" "Eating out "
  Liabilities:US:Chase:Slate                       -30.65 USD
  Expenses:Food:Restaurant                          30.65 USD

2017-04-27 * "Cafe Modagor" "Eating out "
  Liabilities:US:Chase:Slate                       -27.65 USD
  Expenses:Food:Restaurant                          27.65 USD

2017-05-02 * "Chichipotle" "Eating out alone"
  Liabilities:US:Chase:Slate                       -25.30 USD
  Expenses:Food:Restaurant                          25.30 USD

2017-05-05 * "Chichipotle" "Eating out with Bill"
  Liabilities:US:Chase:Slate                       -24.29 USD
  Expenses:Food:Restaurant                          24.29 USD

2017-05-05 * "Farmer Fresh" "Buying groceries"
  Liabilities:US:Chase:Slate                       -95.98 USD
  Expenses:Food:Groceries                           95.98 USD

2017-05-10 * "China Garden" "Eating out with Joe"
  Liabilities:US:Chase:Slate                       -19.32 USD
  Expenses:Food:Restaurant                          19.32 USD

2017-05-11 balance Liabilities:US:Chase:Slate    -2460.81 USD

2017-05-11 * "China Garden" "Eating out with Julie"
  Liabilities:US:Chase:Slate                       -49.98 USD
  Expenses:Food:Restaurant                          49.98 USD

2017-05-11 * "Corner Deli" "Buying groceries"
  Liabilities:US:Chase:Slate                      -118.26 USD
  Expenses:Food:Groceries                          118.26 USD

2017-05-11 * "Chase:Slate" "Paying off credit card"
  Liabilities:US:Chase:Slate                       586.12 USD
  Assets:US:BofA:Checking                         -586.12 USD

2017-05-12 * "Kin Soy" "Eating out "
  Liabilities:US:Chase:Slate                       -15.35 USD
  Expenses:Food:Restaurant                          15.35 USD

2017-05-14 * "Uncle Boons" "Eating out with Natasha"
  Liabilities:US:Chase:Slate                       -26.48 USD
  Expenses:Food:Restaurant                          26.48 USD

2017-05-18 * "Uncle Boons" "Eating out with Natasha"
  Liabilities:US:Chase:Slate                       -24.41 USD
  Expenses:Food:Restaurant                          24.41 USD

2017-05-21 * "Jewel of Morroco" "Eating out alone"
  Liabilities:US:Chase:Slate                       -74.24 USD
  Expenses:Food:Restaurant                          74.24 USD

2017-05-21 * "Metro Transport Authority" "Tram tickets"
  Liabilities:US:Chase:Slate                      -120.00 USD
  Expenses:Transport:Tram                          120.00 USD

2017-05-26 * "Jewel of Morroco" "Eating out with Bill"
  Liabilities:US:Chase:Slate                       -50.92 USD
  Expenses:Food:Restaurant                          50.92 USD

2017-05-27 * "Farmer Fresh" "Buying groceries"
  Liabilities:US:Chase:Slate                      -112.53 USD
  Expenses:Food:Groceries                          112.53 USD

2017-05-30 * "Rose Flower" "Eating out with Natasha"
  Liabilities:US:Chase:Slate                       -37.37 USD
  Expenses:Food:Restaurant                          37.37 USD

2017-06-01 * "Farmer Fresh" "Buying groceries"
  Liabilities:US:Chase:Slate                       -78.53 USD
  Expenses:Food:Groceries                           78.53 USD

2017-06-03 balance Liabilities:US:Chase:Slate    -2582.76 USD

2017-06-03 * "Jewel of Morroco" "Eating out with Natasha"
  Liabilities:US:Chase:Slate                       -27.35 USD
  Expenses:Food:Restaurant                          27.35 USD

2017-06-04 * "Jewel of Morroco" "Eating out alone"
  Liabilities:US:Chase:Slate                       -16.42 USD
  Expenses:Food:Restaurant                          16.42 USD

2017-06-07 * "Kin Soy" "Eating out alone"
  Liabilities:US:Chase:Slate                       -20.66 USD
  Expenses:Food:Restaurant                          20.66 USD

2017-06-09 * "Chase:Slate" "Paying off credit card"
  Liabilities:US:Chase:Slate                       764.84 USD
  Assets:US:BofA:Checking                         -764.84 USD

2017-06-10 * "Kin Soy" "Eating out alone"
  Liabilities:US:Chase:Slate                       -42.32 USD
  Expenses:Food:Restaurant                          42.32 USD

2017-06-13 * "Uncle Boons" "Eating out after work"
  Liabilities:US:Chase:Slate                       -23.26 USD
  Expenses:Food:Restaurant                          23.26 USD

2017-06-16 * "Uncle Boons" "Eating out after work"
  Liabilities:US:Chase:Slate                       -18.11 USD
  Expenses:Food:Restaurant                          18.11 USD

2017-06-16 * "Corner Deli" "Buying groceries"
  Liabilities:US:Chase:Slate                       -73.91 USD
  Expenses:Food:Groceries                           73.91 USD

2017-06-18 * "Uncle Boons" "Eating out "
  Liabilities:US:Chase:Slate                       -36.72 USD
  Expenses:Food:Restaurant                          36.72 USD

2017-06-22 * "Metro Transport Authority" "Tram tickets"
  Liabilities:US:Chase:Slate                      -120.00 USD
  Expenses:Transport:Tram                          120.00 USD

2017-06-23 * "Cafe Modagor" "Eating out with Julie"
  Liabilities:US:Chase:Slate                       -26.46 USD
  Expenses:Food:Restaurant                          26.46 USD

2017-06-25 balance Liabilities:US:Chase:Slate    -2223.13 USD

2017-06-28 * "China Garden" "Eating out with Bill"
  Liabilities:US:Chase:Slate                       -13.90 USD
  Expenses:Food:Restaurant                          13.90 USD

2017-07-01 * "Uncle Boons" "Eating out with Julie"
  Liabilities:US:Chase:Slate                       -46.81 USD
  Expenses:Food:Restaurant                          46.81 USD

2017-07-04 * "Corner Deli" "Buying groceries"
  Liabilities:US:Chase:Slate                       -68.76 USD
  Expenses:Food:Groceries                           68.76 USD

2017-07-05 * "Kin Soy" "Eating out with Natasha"
  Liabilities:US:Chase:Slate                       -62.02 USD
  Expenses:Food:Restaurant                          62.02 USD

2017-07-06 * "Cafe Modagor" "Eating out with work buddies"
  Liabilities:US:Chase:Slate                       -34.31 USD
  Expenses:Food:Restaurant                          34.31 USD

2017-07-07 * "Jewel of Morroco" "Eating out with Natasha"
  Liabilities:US:Chase:Slate                       -24.58 USD
  Expenses:Food:Restaurant                          24.58 USD

2017-07-08 * "Kin Soy" "Eating out with Bill"
  Liabilities:US:Chase:Slate                       -56.97 USD
  Expenses:Food:Restaurant                          56.97 USD

2017-07-10 * "Jewel of Morroco" "Eating out with Joe"
  Liabilities:US:Chase:Slate                       -20.40 USD
  Expenses:Food:Restaurant                          20.40 USD

2017-07-11 * "Chase:Slate" "Paying off credit card"
  Liabilities:US:Chase:Slate                       712.84 USD
  Assets:US:BofA:Checking                         -712.84 USD

2017-07-12 * "Farmer Fresh" "Buying groceries"
  Liabilities:US:Chase:Slate                       -86.63 USD
  Expenses:Food:Groceries                           86.63 USD

2017-07-14 * "Uncle Boons" "Eating out with Julie"
  Liabilities:US:Chase:Slate                       -19.36 USD
  Expenses:Food:Restaurant                          19.36 USD

2017-07-19 * "China Garden" "Eating out alone"
  Liabilities:US:Chase:Slate                       -32.15 USD
  Expenses:Food:Restaurant                          32.15 USD

2017-07-20 * "Metro Transport Authority" "Tram tickets"
  Liabilities:US:Chase:Slate                      -120.00 USD
  Expenses:Transport:Tram                          120.00 USD

2017-07-23 * "Kin Soy" "Eating out with Joe"
  Liabilities:US:Chase:Slate                       -31.78 USD
  Expenses:Food:Restaurant                          31.78 USD

2017-07-25 balance Liabilities:US:Chase:Slate    -2127.96 USD

2017-07-26 * "Uncle Boons" "Eating out "
  Liabilities:US:Chase:Slate                       -18.20 USD
  Expenses:Food:Restaurant                          18.20 USD

2017-07-26 * "Onion Market" "Buying groceries"
  Liabilities:US:Chase:Slate                       -73.00 USD
  Expenses:Food:Groceries                           73.00 USD

2017-07-30 * "Cafe Modagor" "Eating out with Natasha"
  Liabilities:US:Chase:Slate                       -24.84 USD
  Expenses:Food:Restaurant                          24.84 USD

2017-08-02 * "Chichipotle" "Eating out with work buddies"
  Liabilities:US:Chase:Slate                       -25.63 USD
  Expenses:Food:Restaurant                          25.63 USD

2017-08-05 * "China Garden" "Eating out with Julie"
  Liabilities:US:Chase:Slate                       -13.38 USD
  Expenses:Food:Restaurant                          13.38 USD

2017-08-07 * "Corner Deli" "Buying groceries"
  Liabilities:US:Chase:Slate                       -77.93 USD
  Expenses:Food:Groceries                           77.93 USD

2017-08-10 * "Jewel of Morroco" "Eating out with Joe"
  Liabilities:US:Chase:Slate                       -25.83 USD
  Expenses:Food:Restaurant                          25.83 USD

2017-08-10 * "Chase:Slate" "Paying off credit card"
  Liabilities:US:Chase:Slate                       462.10 USD
  Assets:US:BofA:Checking                         -462.10 USD

2017-08-11 * "Uncle Boons" "Eating out with Joe"
  Liabilities:US:Chase:Slate                       -23.47 USD
  Expenses:Food:Restaurant                          23.47 USD

2017-08-15 * "Farmer Fresh" "Buying groceries"
  Liabilities:US:Chase:Slate                       -96.80 USD
  Expenses:Food:Groceries                           96.80 USD

2017-08-16 * "China Garden" "Eating out after work"
  Liabilities:US:Chase:Slate                       -50.10 USD
  Expenses:Food:Restaurant                          50.10 USD

2017-08-19 * "Goba Goba" "Eating out with Natasha"
  Liabilities:US:Chase:Slate                       -49.22 USD
  Expenses:Food:Restaurant                          49.22 USD

2017-08-19 * "Metro Transport Authority" "Tram tickets"
  Liabilities:US:Chase:Slate                      -120.00 USD
  Expenses:Transport:Tram                          120.00 USD

2017-08-22 * "Chichipotle" "Eating out with Natasha"
  Liabilities:US:Chase:Slate                       -38.86 USD
  Expenses:Food:Restaurant                          38.86 USD

2017-08-22 * "Corner Deli" "Buying groceries"
  Liabilities:US:Chase:Slate                       -91.39 USD
  Expenses:Food:Groceries                           91.39 USD

2017-08-23 balance Liabilities:US:Chase:Slate    -2394.51 USD

2017-08-25 * "Cafe Modagor" "Eating out with Natasha"
  Liabilities:US:Chase:Slate                       -34.56 USD
  Expenses:Food:Restaurant                          34.56 USD

2017-08-28 * "China Garden" "Eating out with work buddies"
  Liabilities:US:Chase:Slate                       -33.30 USD
  Expenses:Food:Restaurant                          33.30 USD

2017-08-29 * "Rose Flower" "Eating out "
  Liabilities:US:Chase:Slate                       -27.47 USD
  Expenses:Food:Restaurant                          27.47 USD

2017-08-30 * "Kin Soy" "Eating out with Natasha"
  Liabilities:US:Chase:Slate                       -22.76 USD
  Expenses:Food:Restaurant                          22.76 USD

2017-09-03 * "Goba Goba" "Eating out with Bill"
  Liabilities:US:Chase:Slate                       -19.06 USD
  Expenses:Food:Restaurant                          19.06 USD

2017-09-04 * "Goba Goba" "Eating out "
  Liabilities:US:Chase:Slate                       -30.81 USD
  Expenses:Food:Restaurant                          30.81 USD

2017-09-05 * "Rose Flower" "Eating out with Natasha"
  Liabilities:US:Chase:Slate                       -24.00 USD
  Expenses:Food:Restaurant                          24.00 USD

2017-09-06 * "Cafe Modagor" "Eating out with Julie"
  Liabilities:US:Chase:Slate                       -15.70 USD
  Expenses:Food:Restaurant                          15.70 USD

2017-09-06 * "Good Moods Market" "Buying groceries"
  Liabilities:US:Chase:Slate                      -117.59 USD
  Expenses:Food:Groceries                          117.59 USD

2017-09-08 * "Chase:Slate" "Paying off credit card"
  Liabilities:US:Chase:Slate                       834.62 USD
  Assets:US:BofA:Checking                         -834.62 USD

2017-09-10 * "Cafe Modagor" "Eating out with Natasha"
  Liabilities:US:Chase:Slate                       -39.53 USD
  Expenses:Food:Restaurant                          39.53 USD

2017-09-13 * "Goba Goba" "Eating out alone"
  Liabilities:US:Chase:Slate                       -20.07 USD
  Expenses:Food:Restaurant                          20.07 USD

2017-09-17 * "Uncle Boons" "Eating out with Joe"
  Liabilities:US:Chase:Slate                       -29.43 USD
  Expenses:Food:Restaurant                          29.43 USD

2017-09-17 * "Metro Transport Authority" "Tram tickets"
  Liabilities:US:Chase:Slate                      -120.00 USD
  Expenses:Transport:Tram                          120.00 USD

2017-09-21 balance Liabilities:US:Chase:Slate    -2094.17 USD

2017-09-22 * "Kin Soy" "Eating out with Bill"
  Liabilities:US:Chase:Slate                       -34.42 USD
  Expenses:Food:Restaurant                          34.42 USD

2017-09-23 * "Chichipotle" "Eating out alone"
  Liabilities:US:Chase:Slate                       -41.56 USD
  Expenses:Food:Restaurant                          41.56 USD

2017-09-24 * "Good Moods Market" "Buying groceries"
  Liabilities:US:Chase:Slate                       -74.20 USD
  Expenses:Food:Groceries                           74.20 USD

2017-09-28 * "Chichipotle" "Eating out with Joe"
  Liabilities:US:Chase:Slate                       -23.82 USD
  Expenses:Food:Restaurant                          23.82 USD

2017-09-29 * "Farmer Fresh" "Buying groceries"
  Liabilities:US:Chase:Slate                       -73.28 USD
  Expenses:Food:Groceries                           73.28 USD

2017-09-30 * "China Garden" "Eating out alone"
  Liabilities:US:Chase:Slate                       -19.86 USD
  Expenses:Food:Restaurant                          19.86 USD

2017-10-02 * "Chichipotle" "Eating out with Joe"
  Liabilities:US:Chase:Slate                       -38.02 USD
  Expenses:Food:Restaurant                          38.02 USD

2017-10-04 * "Kin Soy" "Eating out with Bill"
  Liabilities:US:Chase:Slate                       -28.69 USD
  Expenses:Food:Restaurant                          28.69 USD

2017-10-07 * "Chichipotle" "Eating out with Natasha"
  Liabilities:US:Chase:Slate                       -27.09 USD
  Expenses:Food:Restaurant                          27.09 USD

2017-10-09 * "Chichipotle" "Eating out with work buddies"
  Liabilities:US:Chase:Slate                       -58.74 USD
  Expenses:Food:Restaurant                          58.74 USD

2017-10-09 * "Chase:Slate" "Paying off credit card"
  Liabilities:US:Chase:Slate                       589.18 USD
  Assets:US:BofA:Checking                         -589.18 USD

2017-10-12 * "Cafe Modagor" "Eating out with Julie"
  Liabilities:US:Chase:Slate                       -22.73 USD
  Expenses:Food:Restaurant                          22.73 USD

2017-10-14 * "Jewel of Morroco" "Eating out with work buddies"
  Liabilities:US:Chase:Slate                       -42.15 USD
  Expenses:Food:Restaurant                          42.15 USD

2017-10-17 balance Liabilities:US:Chase:Slate    -1989.55 USD

2017-10-17 * "Uncle Boons" "Eating out with Natasha"
  Liabilities:US:Chase:Slate                       -17.79 USD
  Expenses:Food:Restaurant                          17.79 USD

2017-10-18 * "Farmer Fresh" "Buying groceries"
  Liabilities:US:Chase:Slate                       -82.63 USD
  Expenses:Food:Groceries                           82.63 USD

2017-10-20 * "Metro Transport Authority" "Tram tickets"
  Liabilities:US:Chase:Slate                      -120.00 USD
  Expenses:Transport:Tram                          120.00 USD

2017-10-22 * "Cafe Modagor" "Eating out after work"
  Liabilities:US:Chase:Slate                       -47.20 USD
  Expenses:Food:Restaurant                          47.20 USD

2017-10-24 * "Onion Market" "Buying groceries"
  Liabilities:US:Chase:Slate                      -101.53 USD
  Expenses:Food:Groceries                          101.53 USD

2017-10-25 * "Rose Flower" "Eating out "
  Liabilities:US:Chase:Slate                       -15.42 USD
  Expenses:Food:Restaurant                          15.42 USD

2017-10-28 * "Goba Goba" "Eating out with Julie"
  Liabilities:US:Chase:Slate                       -63.95 USD
  Expenses:Food:Restaurant                          63.95 USD

2017-10-30 * "China Garden" "Eating out with Julie"
  Liabilities:US:Chase:Slate                       -28.35 USD
  Expenses:Food:Restaurant                          28.35 USD

2017-10-30 * "Farmer Fresh" "Buying groceries"
  Liabilities:US:Chase:Slate                       -95.90 USD
  Expenses:Food:Groceries                           95.90 USD

2017-11-02 * "Chichipotle" "Eating out with work buddies"
  Liabilities:US:Chase:Slate                       -32.98 USD
  Expenses:Food:Restaurant                          32.98 USD

2017-11-04 * "Chichipotle" "Eating out with Natasha"
  Liabilities:US:Chase:Slate                       -30.89 USD
  Expenses:Food:Restaurant                          30.89 USD

2017-11-06 * "Chichipotle" "Eating out alone"
  Liabilities:US:Chase:Slate                       -47.70 USD
  Expenses:Food:Restaurant                          47.70 USD

2017-11-09 balance Liabilities:US:Chase:Slate    -2673.89 USD

2017-11-09 * "Corner Deli" "Buying groceries"
  Liabilities:US:Chase:Slate                      -126.94 USD
  Expenses:Food:Groceries                          126.94 USD

2017-11-10 * "Uncle Boons" "Eating out with Natasha"
  Liabilities:US:Chase:Slate                       -22.09 USD
  Expenses:Food:Restaurant                          22.09 USD

2017-11-14 * "Jewel of Morroco" "Eating out "
  Liabilities:US:Chase:Slate                       -27.25 USD
  Expenses:Food:Restaurant                          27.25 USD

2017-11-17 * "Metro Transport Authority" "Tram tickets"
  Liabilities:US:Chase:Slate                      -120.00 USD
  Expenses:Transport:Tram                          120.00 USD

2017-11-19 * "Chichipotle" "Eating out with Joe"
  Liabilities:US:Chase:Slate                       -51.06 USD
  Expenses:Food:Restaurant                          51.06 USD

2017-11-22 * "Goba Goba" "Eating out "
  Liabilities:US:Chase:Slate                       -41.49 USD
  Expenses:Food:Restaurant                          41.49 USD

2017-11-26 * "Kin Soy" "Eating out with Joe"
  Liabilities:US:Chase:Slate                       -22.82 USD
  Expenses:Food:Restaurant                          22.82 USD

2017-11-26 * "Good Moods Market" "Buying groceries"
  Liabilities:US:Chase:Slate                       -66.64 USD
  Expenses:Food:Groceries                           66.64 USD

2017-11-27 * "Uncle Boons" "Eating out with Bill"
  Liabilities:US:Chase:Slate                       -31.80 USD
  Expenses:Food:Restaurant                          31.80 USD

2017-12-01 * "Jewel of Morroco" "Eating out with Joe"
  Liabilities:US:Chase:Slate                       -19.59 USD
  Expenses:Food:Restaurant                          19.59 USD



* Taxable Investments

2015-01-01 open Assets:US:ETrade:Cash                       USD
2015-01-01 open Assets:US:ETrade:ITOT                       ITOT
2015-01-01 open Assets:US:ETrade:VEA                       VEA
2015-01-01 open Assets:US:ETrade:VHT                       VHT
2015-01-01 open Assets:US:ETrade:GLD                       GLD
2015-01-01 open Income:US:ETrade:Gains                      USD
2015-01-01 open Income:US:ETrade:Dividends                  USD

2015-09-13 * "Buy shares of ITOT"
  Assets:US:ETrade:Cash                          -4402.15 USD                          
  Assets:US:ETrade:ITOT                                35 ITOT {125.52 USD, 2015-09-13}
  Expenses:Financial:Commissions                     8.95 USD                          

2015-09-18 * "Dividends on portfolio"
  Assets:US:ETrade:Cash                             17.57 USD
  Income:US:ETrade:Dividends                       -17.57 USD

2015-10-03 * "Sell shares of ITOT"
  Assets:US:ETrade:ITOT                               -35 ITOT {125.52 USD, 2015-09-13} @ 127.62 USD
  Assets:US:ETrade:Cash                           4457.75 USD                                       
  Expenses:Financial:Commissions                     8.95 USD                                       
  Income:US:ETrade:Gains                           -73.50 USD                                       

2015-10-05 * "Buy shares of VEA"
  Assets:US:ETrade:Cash                          -4485.73 USD                         
  Assets:US:ETrade:VEA                                 63 VEA {71.06 USD, 2015-10-05}
  Expenses:Financial:Commissions                     8.95 USD                         

2015-10-26 * "Buy shares of ITOT"
  Assets:US:ETrade:Cash                          -3916.19 USD                          
  Assets:US:ETrade:ITOT                                31 ITOT {126.04 USD, 2015-10-26}
  Expenses:Financial:Commissions                     8.95 USD                          

2015-12-17 * "Dividends on portfolio"
  Assets:US:ETrade:Cash                             51.11 USD
  Income:US:ETrade:Dividends                       -51.11 USD

2016-01-02 * "Sell shares of ITOT"
  Assets:US:ETrade:ITOT                               -31 ITOT {126.04 USD, 2015-10-26} @ 131.41 USD
  Assets:US:ETrade:Cash                           4064.76 USD                                       
  Expenses:Financial:Commissions                     8.95 USD                                       
  Income:US:ETrade:Gains                          -166.47 USD                                       

2016-02-01 * "Buy shares of VHT"
  Assets:US:ETrade:Cash                           -988.33 USD                          
  Assets:US:ETrade:VHT                                  6 VHT {163.23 USD, 2016-02-01}
  Expenses:Financial:Commissions                     8.95 USD                          

2016-02-01 * "Buy shares of VEA"
  Assets:US:ETrade:Cash                           -960.03 USD                         
  Assets:US:ETrade:VEA                                 13 VEA {73.16 USD, 2016-02-01}
  Expenses:Financial:Commissions                     8.95 USD                         

2016-02-01 * "Buy shares of ITOT"
  Assets:US:ETrade:Cash                          -1002.95 USD                          
  Assets:US:ETrade:ITOT                                 8 ITOT {124.25 USD, 2016-02-01}
  Expenses:Financial:Commissions                     8.95 USD                          

2016-02-01 * "Buy shares of GLD"
  Assets:US:ETrade:Cash                           -950.71 USD                         
  Assets:US:ETrade:GLD                                 12 GLD {78.48 USD, 2016-02-01}
  Expenses:Financial:Commissions                     8.95 USD                         

2016-02-23 * "Sell shares of VEA"
  Assets:US:ETrade:VEA                                -13 VEA {73.16 USD, 2016-02-01} @ 72.40 USD
  Assets:US:ETrade:Cash                            932.25 USD                                     
  Expenses:Financial:Commissions                     8.95 USD                                     
  Income:US:ETrade:Gains                             9.88 USD                                     

2016-02-25 * "Buy shares of VEA"
  Assets:US:ETrade:Cash                           -298.55 USD                         
  Assets:US:ETrade:VEA                                  4 VEA {72.40 USD, 2016-02-25}
  Expenses:Financial:Commissions                     8.95 USD                         

2016-02-25 * "Buy shares of ITOT"
  Assets:US:ETrade:Cash                           -266.89 USD                          
  Assets:US:ETrade:ITOT                                 2 ITOT {128.97 USD, 2016-02-25}
  Expenses:Financial:Commissions                     8.95 USD                          

2016-02-25 * "Buy shares of GLD"
  Assets:US:ETrade:Cash                           -247.99 USD                         
  Assets:US:ETrade:GLD                                  3 GLD {79.68 USD, 2016-02-25}
  Expenses:Financial:Commissions                     8.95 USD                         

2016-02-25 * "Buy shares of VHT"
  Assets:US:ETrade:Cash                           -173.52 USD                          
  Assets:US:ETrade:VHT                                  1 VHT {164.57 USD, 2016-02-25}
  Expenses:Financial:Commissions                     8.95 USD                          

2016-03-17 * "Dividends on portfolio"
  Assets:US:ETrade:Cash                             70.38 USD
  Income:US:ETrade:Dividends                       -70.38 USD

2016-05-31 * "Sell shares of VHT"
  Assets:US:ETrade:VHT                                 -1 VHT {164.57 USD, 2016-02-25} @ 165.66 USD
  Assets:US:ETrade:Cash                            156.71 USD                                       
  Expenses:Financial:Commissions                     8.95 USD                                       
  Income:US:ETrade:Gains                            -1.09 USD                                       

2016-06-02 * "Sell shares of GLD"
  Assets:US:ETrade:GLD                                 -3 GLD {79.68 USD, 2016-02-25} @ 81.51 USD
  Assets:US:ETrade:Cash                            235.58 USD                                     
  Expenses:Financial:Commissions                     8.95 USD                                     
  Income:US:ETrade:Gains                            -5.49 USD                                     

2016-06-17 * "Dividends on portfolio"
  Assets:US:ETrade:Cash                             70.38 USD
  Income:US:ETrade:Dividends                       -70.38 USD

2016-07-01 * "Sell shares of VEA"
  Assets:US:ETrade:VEA                                 -4 VEA {72.40 USD, 2016-02-25} @ 77.30 USD
  Assets:US:ETrade:Cash                            300.25 USD                                     
  Expenses:Financial:Commissions                     8.95 USD                                     
  Income:US:ETrade:Gains                           -19.60 USD                                     

2016-08-17 * "Buy shares of GLD"
  Assets:US:ETrade:Cash                          -1373.59 USD                         
  Assets:US:ETrade:GLD                                 16 GLD {85.29 USD, 2016-08-17}
  Expenses:Financial:Commissions                     8.95 USD                         

2016-08-17 * "Buy shares of VHT"
  Assets:US:ETrade:Cash                          -1369.59 USD                          
  Assets:US:ETrade:VHT                                  8 VHT {170.08 USD, 2016-08-17}
  Expenses:Financial:Commissions                     8.95 USD                          

2016-08-17 * "Buy shares of VEA"
  Assets:US:ETrade:Cash                          -1402.15 USD                         
  Assets:US:ETrade:VEA                                 18 VEA {77.40 USD, 2016-08-17}
  Expenses:Financial:Commissions                     8.95 USD                         

2016-09-17 * "Dividends on portfolio"
  Assets:US:ETrade:Cash                             86.85 USD
  Income:US:ETrade:Dividends                       -86.85 USD

2016-10-22 * "Buy shares of GLD"
  Assets:US:ETrade:Cash                          -2092.00 USD                         
  Assets:US:ETrade:GLD                                 27 GLD {77.15 USD, 2016-10-22}
  Expenses:Financial:Commissions                     8.95 USD                         

2016-10-22 * "Buy shares of VHT"
  Assets:US:ETrade:Cash                          -2074.03 USD                          
  Assets:US:ETrade:VHT                                 12 VHT {172.09 USD, 2016-10-22}
  Expenses:Financial:Commissions                     8.95 USD                          

2016-12-17 * "Dividends on portfolio"
  Assets:US:ETrade:Cash                            103.44 USD
  Income:US:ETrade:Dividends                      -103.44 USD

2017-01-10 * "Sell shares of VEA"
  Assets:US:ETrade:VEA                                -63 VEA {71.06 USD, 2015-10-05} @ 80.21 USD
  Assets:US:ETrade:Cash                           5044.28 USD                                     
  Expenses:Financial:Commissions                     8.95 USD                                     
  Income:US:ETrade:Gains                          -576.45 USD                                     

2017-01-14 * "Buy shares of VEA"
  Assets:US:ETrade:Cash                          -3939.73 USD                         
  Assets:US:ETrade:VEA                                 49 VEA {80.22 USD, 2017-01-14}
  Expenses:Financial:Commissions                     8.95 USD                         

2017-01-14 * "Buy shares of GLD"
  Assets:US:ETrade:Cash                          -3994.08 USD                         
  Assets:US:ETrade:GLD                                 47 GLD {84.79 USD, 2017-01-14}
  Expenses:Financial:Commissions                     8.95 USD                         

2017-02-18 * "Sell shares of VHT"
  Assets:US:ETrade:VHT                                -12 VHT {172.09 USD, 2016-10-22} @ 170.99 USD
  Assets:US:ETrade:Cash                           2042.93 USD                                       
  Expenses:Financial:Commissions                     8.95 USD                                       
  Income:US:ETrade:Gains                            13.20 USD                                       

2017-02-21 * "Buy shares of VEA"
  Assets:US:ETrade:Cash                           -501.49 USD                         
  Assets:US:ETrade:VEA                                  6 VEA {82.09 USD, 2017-02-21}
  Expenses:Financial:Commissions                     8.95 USD                         

2017-02-21 * "Buy shares of VHT"
  Assets:US:ETrade:Cash                           -350.93 USD                          
  Assets:US:ETrade:VHT                                  2 VHT {170.99 USD, 2017-02-21}
  Expenses:Financial:Commissions                     8.95 USD                          

2017-02-21 * "Buy shares of GLD"
  Assets:US:ETrade:Cash                           -449.00 USD                         
  Assets:US:ETrade:GLD                                  5 GLD {88.01 USD, 2017-02-21}
  Expenses:Financial:Commissions                     8.95 USD                         

2017-02-21 * "Buy shares of ITOT"
  Assets:US:ETrade:Cash                           -425.53 USD                          
  Assets:US:ETrade:ITOT                                 3 ITOT {138.86 USD, 2017-02-21}
  Expenses:Financial:Commissions                     8.95 USD                          

2017-03-18 * "Sell shares of ITOT"
  Assets:US:ETrade:ITOT                                -3 ITOT {138.86 USD, 2017-02-21} @ 133.01 USD
  Assets:US:ETrade:Cash                            390.08 USD                                       
  Expenses:Financial:Commissions                     8.95 USD                                       
  Income:US:ETrade:Gains                            17.55 USD                                       

2017-03-18 * "Dividends on portfolio"
  Assets:US:ETrade:Cash                            141.87 USD
  Income:US:ETrade:Dividends                      -141.87 USD

2017-06-18 * "Dividends on portfolio"
  Assets:US:ETrade:Cash                            141.87 USD
  Income:US:ETrade:Dividends                      -141.87 USD

2017-09-18 * "Dividends on portfolio"
  Assets:US:ETrade:Cash                            141.87 USD
  Income:US:ETrade:Dividends                      -141.87 USD

2017-10-04 * "Buy shares of VHT"
  Assets:US:ETrade:Cash                          -2066.50 USD                          
  Assets:US:ETrade:VHT                                 11 VHT {187.05 USD, 2017-10-04}
  Expenses:Financial:Commissions                     8.95 USD                          

2017-10-04 * "Buy shares of VEA"
  Assets:US:ETrade:Cash                          -2167.51 USD                         
  Assets:US:ETrade:VEA                                 24 VEA {89.94 USD, 2017-10-04}
  Expenses:Financial:Commissions                     8.95 USD                         

2017-12-01 * "Buy shares of ITOT"
  Assets:US:ETrade:Cash                          -3205.49 USD                          
  Assets:US:ETrade:ITOT                                23 ITOT {138.98 USD, 2017-12-01}
  Expenses:Financial:Commissions                     8.95 USD                          

2017-12-01 * "Buy shares of VHT"
  Assets:US:ETrade:Cash                          -3184.63 USD                          
  Assets:US:ETrade:VHT                                 16 VHT {198.48 USD, 2017-12-01}
  Expenses:Financial:Commissions                     8.95 USD                          

2017-12-01 * "Buy shares of GLD"
  Assets:US:ETrade:Cash                          -3190.67 USD                         
  Assets:US:ETrade:GLD                                 34 GLD {93.58 USD, 2017-12-01}
  Expenses:Financial:Commissions                     8.95 USD                         



* Vanguard Investments

2015-01-01 open Assets:US:Vanguard:VBMPX                     VBMPX
  number: "882882"
2015-01-01 open Assets:US:Vanguard:RGAGX                     RGAGX
  number: "882882"
2015-01-01 open Assets:US:Vanguard                            USD
  address: "P.O. Box 1110, Valley Forge, PA 19482-1110"
  institution: "Vanguard Group"
  phone: "+1.800.523.1188"
2015-01-01 open Income:US:Babble:Match401k                   USD
2015-01-01 open Assets:US:Vanguard:Cash                       USD
  number: "882882"

2015-01-02 * "Employer match for contribution"
  Assets:US:Vanguard:Cash                          600.00 USD
  Income:US:Babble:Match401k                      -600.00 USD

2015-01-05 * "Investing 40% of cash in VBMPX"
  Assets:US:Vanguard:VBMPX                          5.529 VBMPX {86.82 USD, 2015-01-05}
  Assets:US:Vanguard:Cash                         -480.03 USD                           

2015-01-05 * "Investing 60% of cash in RGAGX"
  Assets:US:Vanguard:RGAGX                          6.981 RGAGX {103.14 USD, 2015-01-05}
  Assets:US:Vanguard:Cash                         -720.02 USD                            

2015-01-05 * "Investing 40% of cash in VBMPX"
  Assets:US:Vanguard:VBMPX                          2.764 VBMPX {86.82 USD, 2015-01-05}
  Assets:US:Vanguard:Cash                         -239.97 USD                           

2015-01-05 * "Investing 60% of cash in RGAGX"
  Assets:US:Vanguard:RGAGX                          3.490 RGAGX {103.14 USD, 2015-01-05}
  Assets:US:Vanguard:Cash                         -359.96 USD                            

2015-01-16 * "Employer match for contribution"
  Assets:US:Vanguard:Cash                          600.00 USD
  Income:US:Babble:Match401k                      -600.00 USD

2015-01-19 * "Investing 40% of cash in VBMPX"
  Assets:US:Vanguard:VBMPX                          5.703 VBMPX {84.17 USD, 2015-01-19}
  Assets:US:Vanguard:Cash                         -480.02 USD                           

2015-01-19 * "Investing 60% of cash in RGAGX"
  Assets:US:Vanguard:RGAGX                          6.948 RGAGX {103.63 USD, 2015-01-19}
  Assets:US:Vanguard:Cash                         -720.02 USD                            

2015-01-19 * "Investing 40% of cash in VBMPX"
  Assets:US:Vanguard:VBMPX                          2.851 VBMPX {84.17 USD, 2015-01-19}
  Assets:US:Vanguard:Cash                         -239.97 USD                           

2015-01-19 * "Investing 60% of cash in RGAGX"
  Assets:US:Vanguard:RGAGX                          3.474 RGAGX {103.63 USD, 2015-01-19}
  Assets:US:Vanguard:Cash                         -360.01 USD                            

2015-01-30 * "Employer match for contribution"
  Assets:US:Vanguard:Cash                          600.00 USD
  Income:US:Babble:Match401k                      -600.00 USD

2015-02-02 * "Investing 40% of cash in VBMPX"
  Assets:US:Vanguard:VBMPX                          5.878 VBMPX {81.66 USD, 2015-02-02}
  Assets:US:Vanguard:Cash                         -480.00 USD                           

2015-02-02 * "Investing 60% of cash in RGAGX"
  Assets:US:Vanguard:RGAGX                          6.847 RGAGX {105.15 USD, 2015-02-02}
  Assets:US:Vanguard:Cash                         -719.96 USD                            

2015-02-02 * "Investing 40% of cash in VBMPX"
  Assets:US:Vanguard:VBMPX                          2.939 VBMPX {81.66 USD, 2015-02-02}
  Assets:US:Vanguard:Cash                         -240.00 USD                           

2015-02-02 * "Investing 60% of cash in RGAGX"
  Assets:US:Vanguard:RGAGX                          3.424 RGAGX {105.15 USD, 2015-02-02}
  Assets:US:Vanguard:Cash                         -360.03 USD                            

2015-02-13 * "Employer match for contribution"
  Assets:US:Vanguard:Cash                          600.00 USD
  Income:US:Babble:Match401k                      -600.00 USD

2015-02-16 * "Investing 40% of cash in VBMPX"
  Assets:US:Vanguard:VBMPX                          6.031 VBMPX {79.59 USD, 2015-02-16}
  Assets:US:Vanguard:Cash                         -480.01 USD                           

2015-02-16 * "Investing 60% of cash in RGAGX"
  Assets:US:Vanguard:RGAGX                          6.844 RGAGX {105.20 USD, 2015-02-16}
  Assets:US:Vanguard:Cash                         -719.99 USD                            

2015-02-16 * "Investing 40% of cash in VBMPX"
  Assets:US:Vanguard:VBMPX                          3.016 VBMPX {79.59 USD, 2015-02-16}
  Assets:US:Vanguard:Cash                         -240.04 USD                           

2015-02-16 * "Investing 60% of cash in RGAGX"
  Assets:US:Vanguard:RGAGX                          3.422 RGAGX {105.20 USD, 2015-02-16}
  Assets:US:Vanguard:Cash                         -359.99 USD                            

2015-02-27 * "Employer match for contribution"
  Assets:US:Vanguard:Cash                          600.00 USD
  Income:US:Babble:Match401k                      -600.00 USD

2015-03-02 * "Investing 40% of cash in VBMPX"
  Assets:US:Vanguard:VBMPX                          6.156 VBMPX {77.97 USD, 2015-03-02}
  Assets:US:Vanguard:Cash                         -479.98 USD                           

2015-03-02 * "Investing 60% of cash in RGAGX"
  Assets:US:Vanguard:RGAGX                          6.819 RGAGX {105.59 USD, 2015-03-02}
  Assets:US:Vanguard:Cash                         -720.02 USD                            

2015-03-02 * "Investing 40% of cash in VBMPX"
  Assets:US:Vanguard:VBMPX                          3.078 VBMPX {77.97 USD, 2015-03-02}
  Assets:US:Vanguard:Cash                         -239.99 USD                           

2015-03-02 * "Investing 60% of cash in RGAGX"
  Assets:US:Vanguard:RGAGX                          3.409 RGAGX {105.59 USD, 2015-03-02}
  Assets:US:Vanguard:Cash                         -359.96 USD                            

2015-03-13 * "Employer match for contribution"
  Assets:US:Vanguard:Cash                          600.00 USD
  Income:US:Babble:Match401k                      -600.00 USD

2015-03-16 * "Investing 40% of cash in VBMPX"
  Assets:US:Vanguard:VBMPX                          6.184 VBMPX {77.62 USD, 2015-03-16}
  Assets:US:Vanguard:Cash                         -480.00 USD                           

2015-03-16 * "Investing 60% of cash in RGAGX"
  Assets:US:Vanguard:RGAGX                          6.836 RGAGX {105.32 USD, 2015-03-16}
  Assets:US:Vanguard:Cash                         -719.97 USD                            

2015-03-16 * "Investing 40% of cash in VBMPX"
  Assets:US:Vanguard:VBMPX                          3.092 VBMPX {77.62 USD, 2015-03-16}
  Assets:US:Vanguard:Cash                         -240.00 USD                           

2015-03-16 * "Investing 60% of cash in RGAGX"
  Assets:US:Vanguard:RGAGX                          3.418 RGAGX {105.32 USD, 2015-03-16}
  Assets:US:Vanguard:Cash                         -359.98 USD                            

2015-03-27 * "Employer match for contribution"
  Assets:US:Vanguard:Cash                          600.00 USD
  Income:US:Babble:Match401k                      -600.00 USD

2015-03-30 * "Investing 40% of cash in VBMPX"
  Assets:US:Vanguard:VBMPX                          6.050 VBMPX {79.34 USD, 2015-03-30}
  Assets:US:Vanguard:Cash                         -480.01 USD                           

2015-03-30 * "Investing 60% of cash in RGAGX"
  Assets:US:Vanguard:RGAGX                          6.894 RGAGX {104.44 USD, 2015-03-30}
  Assets:US:Vanguard:Cash                         -720.01 USD                            

2015-03-30 * "Investing 40% of cash in VBMPX"
  Assets:US:Vanguard:VBMPX                          3.025 VBMPX {79.34 USD, 2015-03-30}
  Assets:US:Vanguard:Cash                         -240.00 USD                           

2015-03-30 * "Investing 60% of cash in RGAGX"
  Assets:US:Vanguard:RGAGX                          3.447 RGAGX {104.44 USD, 2015-03-30}
  Assets:US:Vanguard:Cash                         -360.00 USD                            

2015-04-10 * "Employer match for contribution"
  Assets:US:Vanguard:Cash                          600.00 USD
  Income:US:Babble:Match401k                      -600.00 USD

2015-04-13 * "Investing 40% of cash in VBMPX"
  Assets:US:Vanguard:VBMPX                          5.997 VBMPX {80.05 USD, 2015-04-13}
  Assets:US:Vanguard:Cash                         -480.06 USD                           

2015-04-13 * "Investing 60% of cash in RGAGX"
  Assets:US:Vanguard:RGAGX                          6.872 RGAGX {104.78 USD, 2015-04-13}
  Assets:US:Vanguard:Cash                         -720.05 USD                            

2015-04-13 * "Investing 40% of cash in VBMPX"
  Assets:US:Vanguard:VBMPX                          2.998 VBMPX {80.05 USD, 2015-04-13}
  Assets:US:Vanguard:Cash                         -239.99 USD                           

2015-04-13 * "Investing 60% of cash in RGAGX"
  Assets:US:Vanguard:RGAGX                          3.435 RGAGX {104.78 USD, 2015-04-13}
  Assets:US:Vanguard:Cash                         -359.92 USD                            

2015-04-24 * "Employer match for contribution"
  Assets:US:Vanguard:Cash                          600.00 USD
  Income:US:Babble:Match401k                      -600.00 USD

2015-04-27 * "Investing 40% of cash in VBMPX"
  Assets:US:Vanguard:VBMPX                          6.160 VBMPX {77.93 USD, 2015-04-27}
  Assets:US:Vanguard:Cash                         -480.05 USD                           

2015-04-27 * "Investing 60% of cash in RGAGX"
  Assets:US:Vanguard:RGAGX                          6.850 RGAGX {105.12 USD, 2015-04-27}
  Assets:US:Vanguard:Cash                         -720.07 USD                            

2015-04-27 * "Investing 40% of cash in VBMPX"
  Assets:US:Vanguard:VBMPX                          3.079 VBMPX {77.93 USD, 2015-04-27}
  Assets:US:Vanguard:Cash                         -239.95 USD                           

2015-04-27 * "Investing 60% of cash in RGAGX"
  Assets:US:Vanguard:RGAGX                          3.424 RGAGX {105.12 USD, 2015-04-27}
  Assets:US:Vanguard:Cash                         -359.93 USD                            

2015-05-08 * "Employer match for contribution"
  Assets:US:Vanguard:Cash                          600.00 USD
  Income:US:Babble:Match401k                      -600.00 USD

2015-05-11 * "Investing 40% of cash in VBMPX"
  Assets:US:Vanguard:VBMPX                          6.216 VBMPX {77.22 USD, 2015-05-11}
  Assets:US:Vanguard:Cash                         -480.00 USD                           

2015-05-11 * "Investing 60% of cash in RGAGX"
  Assets:US:Vanguard:RGAGX                          6.821 RGAGX {105.56 USD, 2015-05-11}
  Assets:US:Vanguard:Cash                         -720.02 USD                            

2015-05-11 * "Investing 40% of cash in VBMPX"
  Assets:US:Vanguard:VBMPX                          3.108 VBMPX {77.22 USD, 2015-05-11}
  Assets:US:Vanguard:Cash                         -240.00 USD                           

2015-05-11 * "Investing 60% of cash in RGAGX"
  Assets:US:Vanguard:RGAGX                          3.410 RGAGX {105.56 USD, 2015-05-11}
  Assets:US:Vanguard:Cash                         -359.96 USD                            

2015-05-22 * "Employer match for contribution"
  Assets:US:Vanguard:Cash                          600.00 USD
  Income:US:Babble:Match401k                      -600.00 USD

2015-05-25 * "Investing 40% of cash in VBMPX"
  Assets:US:Vanguard:VBMPX                          6.227 VBMPX {77.09 USD, 2015-05-25}
  Assets:US:Vanguard:Cash                         -480.04 USD                           

2015-05-25 * "Investing 60% of cash in RGAGX"
  Assets:US:Vanguard:RGAGX                          6.860 RGAGX {104.96 USD, 2015-05-25}
  Assets:US:Vanguard:Cash                         -720.03 USD                            

2015-05-25 * "Investing 40% of cash in VBMPX"
  Assets:US:Vanguard:VBMPX                          3.113 VBMPX {77.09 USD, 2015-05-25}
  Assets:US:Vanguard:Cash                         -239.98 USD                           

2015-05-25 * "Investing 60% of cash in RGAGX"
  Assets:US:Vanguard:RGAGX                          3.430 RGAGX {104.96 USD, 2015-05-25}
  Assets:US:Vanguard:Cash                         -360.01 USD                            

2015-06-05 * "Employer match for contribution"
  Assets:US:Vanguard:Cash                          600.00 USD
  Income:US:Babble:Match401k                      -600.00 USD

2015-06-08 * "Investing 40% of cash in VBMPX"
  Assets:US:Vanguard:VBMPX                          6.266 VBMPX {76.60 USD, 2015-06-08}
  Assets:US:Vanguard:Cash                         -479.98 USD                           

2015-06-08 * "Investing 60% of cash in RGAGX"
  Assets:US:Vanguard:RGAGX                          6.807 RGAGX {105.78 USD, 2015-06-08}
  Assets:US:Vanguard:Cash                         -720.04 USD                            

2015-06-08 * "Investing 40% of cash in VBMPX"
  Assets:US:Vanguard:VBMPX                          3.133 VBMPX {76.60 USD, 2015-06-08}
  Assets:US:Vanguard:Cash                         -239.99 USD                           

2015-06-08 * "Investing 60% of cash in RGAGX"
  Assets:US:Vanguard:RGAGX                          3.403 RGAGX {105.78 USD, 2015-06-08}
  Assets:US:Vanguard:Cash                         -359.97 USD                            

2015-06-19 * "Employer match for contribution"
  Assets:US:Vanguard:Cash                          600.00 USD
  Income:US:Babble:Match401k                      -600.00 USD

2015-06-22 * "Investing 40% of cash in VBMPX"
  Assets:US:Vanguard:VBMPX                          6.086 VBMPX {78.87 USD, 2015-06-22}
  Assets:US:Vanguard:Cash                         -480.00 USD                           

2015-06-22 * "Investing 60% of cash in RGAGX"
  Assets:US:Vanguard:RGAGX                          6.856 RGAGX {105.02 USD, 2015-06-22}
  Assets:US:Vanguard:Cash                         -720.02 USD                            

2015-06-22 * "Investing 40% of cash in VBMPX"
  Assets:US:Vanguard:VBMPX                          3.043 VBMPX {78.87 USD, 2015-06-22}
  Assets:US:Vanguard:Cash                         -240.00 USD                           

2015-06-22 * "Investing 60% of cash in RGAGX"
  Assets:US:Vanguard:RGAGX                          3.428 RGAGX {105.02 USD, 2015-06-22}
  Assets:US:Vanguard:Cash                         -360.01 USD                            

2015-07-03 * "Employer match for contribution"
  Assets:US:Vanguard:Cash                          600.00 USD
  Income:US:Babble:Match401k                      -600.00 USD

2015-07-06 * "Investing 40% of cash in VBMPX"
  Assets:US:Vanguard:VBMPX                          6.004 VBMPX {79.95 USD, 2015-07-06}
  Assets:US:Vanguard:Cash                         -480.02 USD                           

2015-07-06 * "Investing 60% of cash in RGAGX"
  Assets:US:Vanguard:RGAGX                          6.836 RGAGX {105.32 USD, 2015-07-06}
  Assets:US:Vanguard:Cash                         -719.97 USD                            

2015-07-06 * "Investing 40% of cash in VBMPX"
  Assets:US:Vanguard:VBMPX                          3.002 VBMPX {79.95 USD, 2015-07-06}
  Assets:US:Vanguard:Cash                         -240.01 USD                           

2015-07-06 * "Investing 60% of cash in RGAGX"
  Assets:US:Vanguard:RGAGX                          3.418 RGAGX {105.32 USD, 2015-07-06}
  Assets:US:Vanguard:Cash                         -359.98 USD                            

2015-07-17 * "Employer match for contribution"
  Assets:US:Vanguard:Cash                          600.00 USD
  Income:US:Babble:Match401k                      -600.00 USD

2015-07-20 * "Investing 40% of cash in VBMPX"
  Assets:US:Vanguard:VBMPX                          5.873 VBMPX {81.73 USD, 2015-07-20}
  Assets:US:Vanguard:Cash                         -480.00 USD                           

2015-07-20 * "Investing 60% of cash in RGAGX"
  Assets:US:Vanguard:RGAGX                          6.888 RGAGX {104.53 USD, 2015-07-20}
  Assets:US:Vanguard:Cash                         -720.00 USD                            

2015-07-20 * "Investing 40% of cash in VBMPX"
  Assets:US:Vanguard:VBMPX                          2.937 VBMPX {81.73 USD, 2015-07-20}
  Assets:US:Vanguard:Cash                         -240.04 USD                           

2015-07-20 * "Investing 60% of cash in RGAGX"
  Assets:US:Vanguard:RGAGX                          3.444 RGAGX {104.53 USD, 2015-07-20}
  Assets:US:Vanguard:Cash                         -360.00 USD                            

2016-01-15 * "Employer match for contribution"
  Assets:US:Vanguard:Cash                          600.00 USD
  Income:US:Babble:Match401k                      -600.00 USD

2016-01-18 * "Investing 40% of cash in VBMPX"
  Assets:US:Vanguard:VBMPX                          6.550 VBMPX {73.28 USD, 2016-01-18}
  Assets:US:Vanguard:Cash                         -479.98 USD                           

2016-01-18 * "Investing 60% of cash in RGAGX"
  Assets:US:Vanguard:RGAGX                          6.465 RGAGX {111.37 USD, 2016-01-18}
  Assets:US:Vanguard:Cash                         -720.01 USD                            

2016-01-18 * "Investing 40% of cash in VBMPX"
  Assets:US:Vanguard:VBMPX                          3.275 VBMPX {73.28 USD, 2016-01-18}
  Assets:US:Vanguard:Cash                         -239.99 USD                           

2016-01-18 * "Investing 60% of cash in RGAGX"
  Assets:US:Vanguard:RGAGX                          3.232 RGAGX {111.37 USD, 2016-01-18}
  Assets:US:Vanguard:Cash                         -359.95 USD                            

2016-01-29 * "Employer match for contribution"
  Assets:US:Vanguard:Cash                          600.00 USD
  Income:US:Babble:Match401k                      -600.00 USD

2016-02-01 * "Investing 40% of cash in VBMPX"
  Assets:US:Vanguard:VBMPX                          6.838 VBMPX {70.20 USD, 2016-02-01}
  Assets:US:Vanguard:Cash                         -480.03 USD                           

2016-02-01 * "Investing 60% of cash in RGAGX"
  Assets:US:Vanguard:RGAGX                          6.469 RGAGX {111.30 USD, 2016-02-01}
  Assets:US:Vanguard:Cash                         -720.00 USD                            

2016-02-01 * "Investing 40% of cash in VBMPX"
  Assets:US:Vanguard:VBMPX                          3.419 VBMPX {70.20 USD, 2016-02-01}
  Assets:US:Vanguard:Cash                         -240.01 USD                           

2016-02-01 * "Investing 60% of cash in RGAGX"
  Assets:US:Vanguard:RGAGX                          3.235 RGAGX {111.30 USD, 2016-02-01}
  Assets:US:Vanguard:Cash                         -360.06 USD                            

2016-02-12 * "Employer match for contribution"
  Assets:US:Vanguard:Cash                          600.00 USD
  Income:US:Babble:Match401k                      -600.00 USD

2016-02-15 * "Investing 40% of cash in VBMPX"
  Assets:US:Vanguard:VBMPX                          6.921 VBMPX {69.35 USD, 2016-02-15}
  Assets:US:Vanguard:Cash                         -479.97 USD                           

2016-02-15 * "Investing 60% of cash in RGAGX"
  Assets:US:Vanguard:RGAGX                          6.500 RGAGX {110.77 USD, 2016-02-15}
  Assets:US:Vanguard:Cash                         -720.00 USD                            

2016-02-15 * "Investing 40% of cash in VBMPX"
  Assets:US:Vanguard:VBMPX                          3.461 VBMPX {69.35 USD, 2016-02-15}
  Assets:US:Vanguard:Cash                         -240.02 USD                           

2016-02-15 * "Investing 60% of cash in RGAGX"
  Assets:US:Vanguard:RGAGX                          3.250 RGAGX {110.77 USD, 2016-02-15}
  Assets:US:Vanguard:Cash                         -360.00 USD                            

2016-02-26 * "Employer match for contribution"
  Assets:US:Vanguard:Cash                          600.00 USD
  Income:US:Babble:Match401k                      -600.00 USD

2016-02-29 * "Investing 40% of cash in VBMPX"
  Assets:US:Vanguard:VBMPX                          7.268 VBMPX {66.04 USD, 2016-02-29}
  Assets:US:Vanguard:Cash                         -479.98 USD                           

2016-02-29 * "Investing 60% of cash in RGAGX"
  Assets:US:Vanguard:RGAGX                          6.470 RGAGX {111.28 USD, 2016-02-29}
  Assets:US:Vanguard:Cash                         -719.98 USD                            

2016-02-29 * "Investing 40% of cash in VBMPX"
  Assets:US:Vanguard:VBMPX                          3.634 VBMPX {66.04 USD, 2016-02-29}
  Assets:US:Vanguard:Cash                         -239.99 USD                           

2016-02-29 * "Investing 60% of cash in RGAGX"
  Assets:US:Vanguard:RGAGX                          3.235 RGAGX {111.28 USD, 2016-02-29}
  Assets:US:Vanguard:Cash                         -359.99 USD                            

2016-03-11 * "Employer match for contribution"
  Assets:US:Vanguard:Cash                          600.00 USD
  Income:US:Babble:Match401k                      -600.00 USD

2016-03-14 * "Investing 40% of cash in VBMPX"
  Assets:US:Vanguard:VBMPX                          7.433 VBMPX {64.58 USD, 2016-03-14}
  Assets:US:Vanguard:Cash                         -480.02 USD                           

2016-03-14 * "Investing 60% of cash in RGAGX"
  Assets:US:Vanguard:RGAGX                          6.344 RGAGX {113.49 USD, 2016-03-14}
  Assets:US:Vanguard:Cash                         -719.98 USD                            

2016-03-14 * "Investing 40% of cash in VBMPX"
  Assets:US:Vanguard:VBMPX                          3.716 VBMPX {64.58 USD, 2016-03-14}
  Assets:US:Vanguard:Cash                         -239.98 USD                           

2016-03-14 * "Investing 60% of cash in RGAGX"
  Assets:US:Vanguard:RGAGX                          3.172 RGAGX {113.49 USD, 2016-03-14}
  Assets:US:Vanguard:Cash                         -359.99 USD                            

2016-03-25 * "Employer match for contribution"
  Assets:US:Vanguard:Cash                          600.00 USD
  Income:US:Babble:Match401k                      -600.00 USD

2016-03-28 * "Investing 40% of cash in VBMPX"
  Assets:US:Vanguard:VBMPX                          7.360 VBMPX {65.22 USD, 2016-03-28}
  Assets:US:Vanguard:Cash                         -480.02 USD                           

2016-03-28 * "Investing 60% of cash in RGAGX"
  Assets:US:Vanguard:RGAGX                          6.410 RGAGX {112.32 USD, 2016-03-28}
  Assets:US:Vanguard:Cash                         -719.97 USD                            

2016-03-28 * "Investing 40% of cash in VBMPX"
  Assets:US:Vanguard:VBMPX                          3.680 VBMPX {65.22 USD, 2016-03-28}
  Assets:US:Vanguard:Cash                         -240.01 USD                           

2016-03-28 * "Investing 60% of cash in RGAGX"
  Assets:US:Vanguard:RGAGX                          3.205 RGAGX {112.32 USD, 2016-03-28}
  Assets:US:Vanguard:Cash                         -359.99 USD                            

2016-04-08 * "Employer match for contribution"
  Assets:US:Vanguard:Cash                          600.00 USD
  Income:US:Babble:Match401k                      -600.00 USD

2016-04-11 * "Investing 40% of cash in VBMPX"
  Assets:US:Vanguard:VBMPX                          7.271 VBMPX {66.02 USD, 2016-04-11}
  Assets:US:Vanguard:Cash                         -480.03 USD                           

2016-04-11 * "Investing 60% of cash in RGAGX"
  Assets:US:Vanguard:RGAGX                          6.428 RGAGX {112.01 USD, 2016-04-11}
  Assets:US:Vanguard:Cash                         -720.00 USD                            

2016-04-11 * "Investing 40% of cash in VBMPX"
  Assets:US:Vanguard:VBMPX                          3.635 VBMPX {66.02 USD, 2016-04-11}
  Assets:US:Vanguard:Cash                         -239.98 USD                           

2016-04-11 * "Investing 60% of cash in RGAGX"
  Assets:US:Vanguard:RGAGX                          3.214 RGAGX {112.01 USD, 2016-04-11}
  Assets:US:Vanguard:Cash                         -360.00 USD                            

2016-04-22 * "Employer match for contribution"
  Assets:US:Vanguard:Cash                          600.00 USD
  Income:US:Babble:Match401k                      -600.00 USD

2016-04-25 * "Investing 40% of cash in VBMPX"
  Assets:US:Vanguard:VBMPX                          6.970 VBMPX {68.87 USD, 2016-04-25}
  Assets:US:Vanguard:Cash                         -480.02 USD                           

2016-04-25 * "Investing 60% of cash in RGAGX"
  Assets:US:Vanguard:RGAGX                          6.381 RGAGX {112.84 USD, 2016-04-25}
  Assets:US:Vanguard:Cash                         -720.03 USD                            

2016-04-25 * "Investing 40% of cash in VBMPX"
  Assets:US:Vanguard:VBMPX                          3.485 VBMPX {68.87 USD, 2016-04-25}
  Assets:US:Vanguard:Cash                         -240.01 USD                           

2016-04-25 * "Investing 60% of cash in RGAGX"
  Assets:US:Vanguard:RGAGX                          3.190 RGAGX {112.84 USD, 2016-04-25}
  Assets:US:Vanguard:Cash                         -359.96 USD                            

2016-05-06 * "Employer match for contribution"
  Assets:US:Vanguard:Cash                          600.00 USD
  Income:US:Babble:Match401k                      -600.00 USD

2016-05-09 * "Investing 40% of cash in VBMPX"
  Assets:US:Vanguard:VBMPX                          7.121 VBMPX {67.41 USD, 2016-05-09}
  Assets:US:Vanguard:Cash                         -480.03 USD                           

2016-05-09 * "Investing 60% of cash in RGAGX"
  Assets:US:Vanguard:RGAGX                          6.300 RGAGX {114.29 USD, 2016-05-09}
  Assets:US:Vanguard:Cash                         -720.03 USD                            

2016-05-09 * "Investing 40% of cash in VBMPX"
  Assets:US:Vanguard:VBMPX                          3.560 VBMPX {67.41 USD, 2016-05-09}
  Assets:US:Vanguard:Cash                         -239.98 USD                           

2016-05-09 * "Investing 60% of cash in RGAGX"
  Assets:US:Vanguard:RGAGX                          3.150 RGAGX {114.29 USD, 2016-05-09}
  Assets:US:Vanguard:Cash                         -360.01 USD                            

2016-05-20 * "Employer match for contribution"
  Assets:US:Vanguard:Cash                          600.00 USD
  Income:US:Babble:Match401k                      -600.00 USD

2016-05-23 * "Investing 40% of cash in VBMPX"
  Assets:US:Vanguard:VBMPX                          7.690 VBMPX {62.42 USD, 2016-05-23}
  Assets:US:Vanguard:Cash                         -480.01 USD                           

2016-05-23 * "Investing 60% of cash in RGAGX"
  Assets:US:Vanguard:RGAGX                          6.334 RGAGX {113.67 USD, 2016-05-23}
  Assets:US:Vanguard:Cash                         -719.99 USD                            

2016-05-23 * "Investing 40% of cash in VBMPX"
  Assets:US:Vanguard:VBMPX                          3.845 VBMPX {62.42 USD, 2016-05-23}
  Assets:US:Vanguard:Cash                         -240.00 USD                           

2016-05-23 * "Investing 60% of cash in RGAGX"
  Assets:US:Vanguard:RGAGX                          3.167 RGAGX {113.67 USD, 2016-05-23}
  Assets:US:Vanguard:Cash                         -359.99 USD                            

2016-06-03 * "Employer match for contribution"
  Assets:US:Vanguard:Cash                          600.00 USD
  Income:US:Babble:Match401k                      -600.00 USD

2016-06-06 * "Investing 40% of cash in VBMPX"
  Assets:US:Vanguard:VBMPX                          7.400 VBMPX {64.86 USD, 2016-06-06}
  Assets:US:Vanguard:Cash                         -479.96 USD                           

2016-06-06 * "Investing 60% of cash in RGAGX"
  Assets:US:Vanguard:RGAGX                          6.333 RGAGX {113.69 USD, 2016-06-06}
  Assets:US:Vanguard:Cash                         -720.00 USD                            

2016-06-06 * "Investing 40% of cash in VBMPX"
  Assets:US:Vanguard:VBMPX                          3.700 VBMPX {64.86 USD, 2016-06-06}
  Assets:US:Vanguard:Cash                         -239.98 USD                           

2016-06-06 * "Investing 60% of cash in RGAGX"
  Assets:US:Vanguard:RGAGX                          3.167 RGAGX {113.69 USD, 2016-06-06}
  Assets:US:Vanguard:Cash                         -360.06 USD                            

2016-06-17 * "Employer match for contribution"
  Assets:US:Vanguard:Cash                          600.00 USD
  Income:US:Babble:Match401k                      -600.00 USD

2016-06-20 * "Investing 40% of cash in VBMPX"
  Assets:US:Vanguard:VBMPX                          7.779 VBMPX {61.70 USD, 2016-06-20}
  Assets:US:Vanguard:Cash                         -479.96 USD                           

2016-06-20 * "Investing 60% of cash in RGAGX"
  Assets:US:Vanguard:RGAGX                          6.366 RGAGX {113.10 USD, 2016-06-20}
  Assets:US:Vanguard:Cash                         -719.99 USD                            

2016-06-20 * "Investing 40% of cash in VBMPX"
  Assets:US:Vanguard:VBMPX                          3.890 VBMPX {61.70 USD, 2016-06-20}
  Assets:US:Vanguard:Cash                         -240.01 USD                           

2016-06-20 * "Investing 60% of cash in RGAGX"
  Assets:US:Vanguard:RGAGX                          3.183 RGAGX {113.10 USD, 2016-06-20}
  Assets:US:Vanguard:Cash                         -360.00 USD                            

2016-07-01 * "Employer match for contribution"
  Assets:US:Vanguard:Cash                          600.00 USD
  Income:US:Babble:Match401k                      -600.00 USD

2016-07-04 * "Investing 40% of cash in VBMPX"
  Assets:US:Vanguard:VBMPX                          7.939 VBMPX {60.46 USD, 2016-07-04}
  Assets:US:Vanguard:Cash                         -479.99 USD                           

2016-07-04 * "Investing 60% of cash in RGAGX"
  Assets:US:Vanguard:RGAGX                          6.283 RGAGX {114.59 USD, 2016-07-04}
  Assets:US:Vanguard:Cash                         -719.97 USD                            

2016-07-04 * "Investing 40% of cash in VBMPX"
  Assets:US:Vanguard:VBMPX                          3.970 VBMPX {60.46 USD, 2016-07-04}
  Assets:US:Vanguard:Cash                         -240.03 USD                           

2016-07-04 * "Investing 60% of cash in RGAGX"
  Assets:US:Vanguard:RGAGX                          3.142 RGAGX {114.59 USD, 2016-07-04}
  Assets:US:Vanguard:Cash                         -360.04 USD                            

2016-07-15 * "Employer match for contribution"
  Assets:US:Vanguard:Cash                          600.00 USD
  Income:US:Babble:Match401k                      -600.00 USD

2016-07-18 * "Investing 40% of cash in VBMPX"
  Assets:US:Vanguard:VBMPX                          7.778 VBMPX {61.71 USD, 2016-07-18}
  Assets:US:Vanguard:Cash                         -479.98 USD                           

2016-07-18 * "Investing 60% of cash in RGAGX"
  Assets:US:Vanguard:RGAGX                          6.201 RGAGX {116.10 USD, 2016-07-18}
  Assets:US:Vanguard:Cash                         -719.94 USD                            

2016-07-18 * "Investing 40% of cash in VBMPX"
  Assets:US:Vanguard:VBMPX                          3.890 VBMPX {61.71 USD, 2016-07-18}
  Assets:US:Vanguard:Cash                         -240.05 USD                           

2016-07-18 * "Investing 60% of cash in RGAGX"
  Assets:US:Vanguard:RGAGX                          3.101 RGAGX {116.10 USD, 2016-07-18}
  Assets:US:Vanguard:Cash                         -360.03 USD                            

2016-07-29 * "Employer match for contribution"
  Assets:US:Vanguard:Cash                          600.00 USD
  Income:US:Babble:Match401k                      -600.00 USD

2016-08-01 * "Investing 40% of cash in VBMPX"
  Assets:US:Vanguard:VBMPX                          7.860 VBMPX {61.07 USD, 2016-08-01}
  Assets:US:Vanguard:Cash                         -480.01 USD                           

2016-08-01 * "Investing 60% of cash in RGAGX"
  Assets:US:Vanguard:RGAGX                          6.205 RGAGX {116.03 USD, 2016-08-01}
  Assets:US:Vanguard:Cash                         -719.97 USD                            

2016-08-01 * "Investing 40% of cash in VBMPX"
  Assets:US:Vanguard:VBMPX                          3.930 VBMPX {61.07 USD, 2016-08-01}
  Assets:US:Vanguard:Cash                         -240.01 USD                           

2016-08-01 * "Investing 60% of cash in RGAGX"
  Assets:US:Vanguard:RGAGX                          3.103 RGAGX {116.03 USD, 2016-08-01}
  Assets:US:Vanguard:Cash                         -360.04 USD                            

2017-01-13 * "Employer match for contribution"
  Assets:US:Vanguard:Cash                          600.00 USD
  Income:US:Babble:Match401k                      -600.00 USD

2017-01-16 * "Investing 40% of cash in VBMPX"
  Assets:US:Vanguard:VBMPX                          6.751 VBMPX {71.10 USD, 2017-01-16}
  Assets:US:Vanguard:Cash                         -480.00 USD                           

2017-01-16 * "Investing 60% of cash in RGAGX"
  Assets:US:Vanguard:RGAGX                          6.217 RGAGX {115.80 USD, 2017-01-16}
  Assets:US:Vanguard:Cash                         -719.93 USD                            

2017-01-16 * "Investing 40% of cash in VBMPX"
  Assets:US:Vanguard:VBMPX                          3.376 VBMPX {71.10 USD, 2017-01-16}
  Assets:US:Vanguard:Cash                         -240.03 USD                           

2017-01-16 * "Investing 60% of cash in RGAGX"
  Assets:US:Vanguard:RGAGX                          3.109 RGAGX {115.80 USD, 2017-01-16}
  Assets:US:Vanguard:Cash                         -360.02 USD                            

2017-01-27 * "Employer match for contribution"
  Assets:US:Vanguard:Cash                          600.00 USD
  Income:US:Babble:Match401k                      -600.00 USD

2017-01-30 * "Investing 40% of cash in VBMPX"
  Assets:US:Vanguard:VBMPX                          6.671 VBMPX {71.95 USD, 2017-01-30}
  Assets:US:Vanguard:Cash                         -479.98 USD                           

2017-01-30 * "Investing 60% of cash in RGAGX"
  Assets:US:Vanguard:RGAGX                          6.200 RGAGX {116.13 USD, 2017-01-30}
  Assets:US:Vanguard:Cash                         -720.01 USD                            

2017-01-30 * "Investing 40% of cash in VBMPX"
  Assets:US:Vanguard:VBMPX                          3.336 VBMPX {71.95 USD, 2017-01-30}
  Assets:US:Vanguard:Cash                         -240.03 USD                           

2017-01-30 * "Investing 60% of cash in RGAGX"
  Assets:US:Vanguard:RGAGX                          3.100 RGAGX {116.13 USD, 2017-01-30}
  Assets:US:Vanguard:Cash                         -360.00 USD                            

2017-02-10 * "Employer match for contribution"
  Assets:US:Vanguard:Cash                          600.00 USD
  Income:US:Babble:Match401k                      -600.00 USD

2017-02-13 * "Investing 40% of cash in VBMPX"
  Assets:US:Vanguard:VBMPX                          6.331 VBMPX {75.81 USD, 2017-02-13}
  Assets:US:Vanguard:Cash                         -479.95 USD                           

2017-02-13 * "Investing 60% of cash in RGAGX"
  Assets:US:Vanguard:RGAGX                          6.235 RGAGX {115.48 USD, 2017-02-13}
  Assets:US:Vanguard:Cash                         -720.02 USD                            

2017-02-13 * "Investing 40% of cash in VBMPX"
  Assets:US:Vanguard:VBMPX                          3.166 VBMPX {75.81 USD, 2017-02-13}
  Assets:US:Vanguard:Cash                         -240.01 USD                           

2017-02-13 * "Investing 60% of cash in RGAGX"
  Assets:US:Vanguard:RGAGX                          3.117 RGAGX {115.48 USD, 2017-02-13}
  Assets:US:Vanguard:Cash                         -359.95 USD                            

2017-02-24 * "Employer match for contribution"
  Assets:US:Vanguard:Cash                          600.00 USD
  Income:US:Babble:Match401k                      -600.00 USD

2017-02-27 * "Investing 40% of cash in VBMPX"
  Assets:US:Vanguard:VBMPX                          6.240 VBMPX {76.93 USD, 2017-02-27}
  Assets:US:Vanguard:Cash                         -480.04 USD                           

2017-02-27 * "Investing 60% of cash in RGAGX"
  Assets:US:Vanguard:RGAGX                          6.170 RGAGX {116.70 USD, 2017-02-27}
  Assets:US:Vanguard:Cash                         -720.04 USD                            

2017-02-27 * "Investing 40% of cash in VBMPX"
  Assets:US:Vanguard:VBMPX                          3.119 VBMPX {76.93 USD, 2017-02-27}
  Assets:US:Vanguard:Cash                         -239.94 USD                           

2017-02-27 * "Investing 60% of cash in RGAGX"
  Assets:US:Vanguard:RGAGX                          3.085 RGAGX {116.70 USD, 2017-02-27}
  Assets:US:Vanguard:Cash                         -360.02 USD                            

2017-03-10 * "Employer match for contribution"
  Assets:US:Vanguard:Cash                          600.00 USD
  Income:US:Babble:Match401k                      -600.00 USD

2017-03-13 * "Investing 40% of cash in VBMPX"
  Assets:US:Vanguard:VBMPX                          6.218 VBMPX {77.19 USD, 2017-03-13}
  Assets:US:Vanguard:Cash                         -479.97 USD                           

2017-03-13 * "Investing 60% of cash in RGAGX"
  Assets:US:Vanguard:RGAGX                          6.081 RGAGX {118.40 USD, 2017-03-13}
  Assets:US:Vanguard:Cash                         -719.99 USD                            

2017-03-13 * "Investing 40% of cash in VBMPX"
  Assets:US:Vanguard:VBMPX                          3.109 VBMPX {77.19 USD, 2017-03-13}
  Assets:US:Vanguard:Cash                         -239.98 USD                           

2017-03-13 * "Investing 60% of cash in RGAGX"
  Assets:US:Vanguard:RGAGX                          3.041 RGAGX {118.40 USD, 2017-03-13}
  Assets:US:Vanguard:Cash                         -360.05 USD                            

2017-03-24 * "Employer match for contribution"
  Assets:US:Vanguard:Cash                          600.00 USD
  Income:US:Babble:Match401k                      -600.00 USD

2017-03-27 * "Investing 40% of cash in VBMPX"
  Assets:US:Vanguard:VBMPX                          5.933 VBMPX {80.90 USD, 2017-03-27}
  Assets:US:Vanguard:Cash                         -479.98 USD                           

2017-03-27 * "Investing 60% of cash in RGAGX"
  Assets:US:Vanguard:RGAGX                          6.118 RGAGX {117.69 USD, 2017-03-27}
  Assets:US:Vanguard:Cash                         -720.03 USD                            

2017-03-27 * "Investing 40% of cash in VBMPX"
  Assets:US:Vanguard:VBMPX                          2.967 VBMPX {80.90 USD, 2017-03-27}
  Assets:US:Vanguard:Cash                         -240.03 USD                           

2017-03-27 * "Investing 60% of cash in RGAGX"
  Assets:US:Vanguard:RGAGX                          3.059 RGAGX {117.69 USD, 2017-03-27}
  Assets:US:Vanguard:Cash                         -360.01 USD                            

2017-04-07 * "Employer match for contribution"
  Assets:US:Vanguard:Cash                          600.00 USD
  Income:US:Babble:Match401k                      -600.00 USD

2017-04-10 * "Investing 40% of cash in VBMPX"
  Assets:US:Vanguard:VBMPX                          5.833 VBMPX {82.28 USD, 2017-04-10}
  Assets:US:Vanguard:Cash                         -479.94 USD                           

2017-04-10 * "Investing 60% of cash in RGAGX"
  Assets:US:Vanguard:RGAGX                          6.130 RGAGX {117.45 USD, 2017-04-10}
  Assets:US:Vanguard:Cash                         -719.97 USD                            

2017-04-10 * "Investing 40% of cash in VBMPX"
  Assets:US:Vanguard:VBMPX                          2.917 VBMPX {82.28 USD, 2017-04-10}
  Assets:US:Vanguard:Cash                         -240.01 USD                           

2017-04-10 * "Investing 60% of cash in RGAGX"
  Assets:US:Vanguard:RGAGX                          3.065 RGAGX {117.45 USD, 2017-04-10}
  Assets:US:Vanguard:Cash                         -359.98 USD                            

2017-04-21 * "Employer match for contribution"
  Assets:US:Vanguard:Cash                          600.00 USD
  Income:US:Babble:Match401k                      -600.00 USD

2017-04-24 * "Investing 40% of cash in VBMPX"
  Assets:US:Vanguard:VBMPX                          5.858 VBMPX {81.94 USD, 2017-04-24}
  Assets:US:Vanguard:Cash                         -480.00 USD                           

2017-04-24 * "Investing 60% of cash in RGAGX"
  Assets:US:Vanguard:RGAGX                          6.106 RGAGX {117.93 USD, 2017-04-24}
  Assets:US:Vanguard:Cash                         -720.08 USD                            

2017-04-24 * "Investing 40% of cash in VBMPX"
  Assets:US:Vanguard:VBMPX                          2.929 VBMPX {81.94 USD, 2017-04-24}
  Assets:US:Vanguard:Cash                         -240.00 USD                           

2017-04-24 * "Investing 60% of cash in RGAGX"
  Assets:US:Vanguard:RGAGX                          3.053 RGAGX {117.93 USD, 2017-04-24}
  Assets:US:Vanguard:Cash                         -360.04 USD                            

2017-05-05 * "Employer match for contribution"
  Assets:US:Vanguard:Cash                          600.00 USD
  Income:US:Babble:Match401k                      -600.00 USD

2017-05-08 * "Investing 40% of cash in VBMPX"
  Assets:US:Vanguard:VBMPX                          6.123 VBMPX {78.39 USD, 2017-05-08}
  Assets:US:Vanguard:Cash                         -479.98 USD                           

2017-05-08 * "Investing 60% of cash in RGAGX"
  Assets:US:Vanguard:RGAGX                          6.105 RGAGX {117.93 USD, 2017-05-08}
  Assets:US:Vanguard:Cash                         -719.96 USD                            

2017-05-08 * "Investing 40% of cash in VBMPX"
  Assets:US:Vanguard:VBMPX                          3.062 VBMPX {78.39 USD, 2017-05-08}
  Assets:US:Vanguard:Cash                         -240.03 USD                           

2017-05-08 * "Investing 60% of cash in RGAGX"
  Assets:US:Vanguard:RGAGX                          3.053 RGAGX {117.93 USD, 2017-05-08}
  Assets:US:Vanguard:Cash                         -360.04 USD                            

2017-05-19 * "Employer match for contribution"
  Assets:US:Vanguard:Cash                          600.00 USD
  Income:US:Babble:Match401k                      -600.00 USD

2017-05-22 * "Investing 40% of cash in VBMPX"
  Assets:US:Vanguard:VBMPX                          6.035 VBMPX {79.53 USD, 2017-05-22}
  Assets:US:Vanguard:Cash                         -479.96 USD                           

2017-05-22 * "Investing 60% of cash in RGAGX"
  Assets:US:Vanguard:RGAGX                          6.042 RGAGX {119.16 USD, 2017-05-22}
  Assets:US:Vanguard:Cash                         -719.96 USD                            

2017-05-22 * "Investing 40% of cash in VBMPX"
  Assets:US:Vanguard:VBMPX                          3.018 VBMPX {79.53 USD, 2017-05-22}
  Assets:US:Vanguard:Cash                         -240.02 USD                           

2017-05-22 * "Investing 60% of cash in RGAGX"
  Assets:US:Vanguard:RGAGX                          3.021 RGAGX {119.16 USD, 2017-05-22}
  Assets:US:Vanguard:Cash                         -359.98 USD                            

2017-06-02 * "Employer match for contribution"
  Assets:US:Vanguard:Cash                          600.00 USD
  Income:US:Babble:Match401k                      -600.00 USD

2017-06-05 * "Investing 40% of cash in VBMPX"
  Assets:US:Vanguard:VBMPX                          6.335 VBMPX {75.77 USD, 2017-06-05}
  Assets:US:Vanguard:Cash                         -480.00 USD                           

2017-06-05 * "Investing 60% of cash in RGAGX"
  Assets:US:Vanguard:RGAGX                          6.074 RGAGX {118.54 USD, 2017-06-05}
  Assets:US:Vanguard:Cash                         -720.01 USD                            

2017-06-05 * "Investing 40% of cash in VBMPX"
  Assets:US:Vanguard:VBMPX                          3.167 VBMPX {75.77 USD, 2017-06-05}
  Assets:US:Vanguard:Cash                         -239.96 USD                           

2017-06-05 * "Investing 60% of cash in RGAGX"
  Assets:US:Vanguard:RGAGX                          3.037 RGAGX {118.54 USD, 2017-06-05}
  Assets:US:Vanguard:Cash                         -360.01 USD                            

2017-06-16 * "Employer match for contribution"
  Assets:US:Vanguard:Cash                          600.00 USD
  Income:US:Babble:Match401k                      -600.00 USD

2017-06-19 * "Investing 40% of cash in VBMPX"
  Assets:US:Vanguard:VBMPX                          5.904 VBMPX {81.30 USD, 2017-06-19}
  Assets:US:Vanguard:Cash                         -480.00 USD                           

2017-06-19 * "Investing 60% of cash in RGAGX"
  Assets:US:Vanguard:RGAGX                          5.982 RGAGX {120.37 USD, 2017-06-19}
  Assets:US:Vanguard:Cash                         -720.05 USD                            

2017-06-19 * "Investing 40% of cash in VBMPX"
  Assets:US:Vanguard:VBMPX                          2.952 VBMPX {81.30 USD, 2017-06-19}
  Assets:US:Vanguard:Cash                         -240.00 USD                           

2017-06-19 * "Investing 60% of cash in RGAGX"
  Assets:US:Vanguard:RGAGX                          2.991 RGAGX {120.37 USD, 2017-06-19}
  Assets:US:Vanguard:Cash                         -360.03 USD                            

2017-06-30 * "Employer match for contribution"
  Assets:US:Vanguard:Cash                          600.00 USD
  Income:US:Babble:Match401k                      -600.00 USD

2017-07-03 * "Investing 40% of cash in VBMPX"
  Assets:US:Vanguard:VBMPX                          5.878 VBMPX {81.65 USD, 2017-07-03}
  Assets:US:Vanguard:Cash                         -479.94 USD                           

2017-07-03 * "Investing 60% of cash in RGAGX"
  Assets:US:Vanguard:RGAGX                          6.017 RGAGX {119.65 USD, 2017-07-03}
  Assets:US:Vanguard:Cash                         -719.93 USD                            

2017-07-03 * "Investing 40% of cash in VBMPX"
  Assets:US:Vanguard:VBMPX                          2.940 VBMPX {81.65 USD, 2017-07-03}
  Assets:US:Vanguard:Cash                         -240.05 USD                           

2017-07-03 * "Investing 60% of cash in RGAGX"
  Assets:US:Vanguard:RGAGX                          3.009 RGAGX {119.65 USD, 2017-07-03}
  Assets:US:Vanguard:Cash                         -360.03 USD                            

2017-07-14 * "Employer match for contribution"
  Assets:US:Vanguard:Cash                          600.00 USD
  Income:US:Babble:Match401k                      -600.00 USD

2017-07-17 * "Investing 40% of cash in VBMPX"
  Assets:US:Vanguard:VBMPX                          5.895 VBMPX {81.43 USD, 2017-07-17}
  Assets:US:Vanguard:Cash                         -480.03 USD                           

2017-07-17 * "Investing 60% of cash in RGAGX"
  Assets:US:Vanguard:RGAGX                          6.079 RGAGX {118.43 USD, 2017-07-17}
  Assets:US:Vanguard:Cash                         -719.94 USD                            

2017-07-17 * "Investing 40% of cash in VBMPX"
  Assets:US:Vanguard:VBMPX                          2.947 VBMPX {81.43 USD, 2017-07-17}
  Assets:US:Vanguard:Cash                         -239.97 USD                           

2017-07-17 * "Investing 60% of cash in RGAGX"
  Assets:US:Vanguard:RGAGX                          3.040 RGAGX {118.43 USD, 2017-07-17}
  Assets:US:Vanguard:Cash                         -360.03 USD                            

2017-07-28 * "Employer match for contribution"
  Assets:US:Vanguard:Cash                          600.00 USD
  Income:US:Babble:Match401k                      -600.00 USD

2017-07-31 * "Investing 40% of cash in VBMPX"
  Assets:US:Vanguard:VBMPX                          5.595 VBMPX {85.79 USD, 2017-07-31}
  Assets:US:Vanguard:Cash                         -480.00 USD                           

2017-07-31 * "Investing 60% of cash in RGAGX"
  Assets:US:Vanguard:RGAGX                          5.980 RGAGX {120.40 USD, 2017-07-31}
  Assets:US:Vanguard:Cash                         -719.99 USD                            

2017-07-31 * "Investing 40% of cash in VBMPX"
  Assets:US:Vanguard:VBMPX                          2.798 VBMPX {85.79 USD, 2017-07-31}
  Assets:US:Vanguard:Cash                         -240.04 USD                           

2017-07-31 * "Investing 60% of cash in RGAGX"
  Assets:US:Vanguard:RGAGX                          2.990 RGAGX {120.40 USD, 2017-07-31}
  Assets:US:Vanguard:Cash                         -360.00 USD                            

2017-08-11 * "Employer match for contribution"
  Assets:US:Vanguard:Cash                          250.00 USD
  Income:US:Babble:Match401k                      -250.00 USD

2017-08-14 * "Investing 40% of cash in VBMPX"
  Assets:US:Vanguard:VBMPX                          2.189 VBMPX {91.36 USD, 2017-08-14}
  Assets:US:Vanguard:Cash                         -199.99 USD                           

2017-08-14 * "Investing 60% of cash in RGAGX"
  Assets:US:Vanguard:RGAGX                          2.482 RGAGX {120.88 USD, 2017-08-14}
  Assets:US:Vanguard:Cash                         -300.02 USD                            

2017-08-14 * "Investing 40% of cash in VBMPX"
  Assets:US:Vanguard:VBMPX                          1.094 VBMPX {91.36 USD, 2017-08-14}
  Assets:US:Vanguard:Cash                          -99.95 USD                           

2017-08-14 * "Investing 60% of cash in RGAGX"
  Assets:US:Vanguard:RGAGX                          1.241 RGAGX {120.88 USD, 2017-08-14}
  Assets:US:Vanguard:Cash                         -150.01 USD                            



* Sources of Income

2015-01-01 open Income:US:Babble:Salary                      USD
2015-01-01 open Income:US:Babble:GroupTermLife               USD
2015-01-01 open Income:US:Babble:Vacation                    VACHR
2015-01-01 open Assets:US:Babble:Vacation                    VACHR
2015-01-01 open Expenses:Vacation                               VACHR
2015-01-01 open Expenses:Health:Life:GroupTermLife
2015-01-01 open Expenses:Health:Medical:Insurance
2015-01-01 open Expenses:Health:Dental:Insurance
2015-01-01 open Expenses:Health:Vision:Insurance

2015-01-01 * "Babble" "Payroll"
  Assets:US:BofA:Checking                         1350.60 USD   
  Assets:US:Vanguard:Cash                         1200.00 USD   
  Income:US:Babble:Salary                        -4615.38 USD   
  Income:US:Babble:GroupTermLife                   -24.32 USD   
  Expenses:Health:Life:GroupTermLife                24.32 USD   
  Expenses:Health:Dental:Insurance                   2.90 USD   
  Expenses:Health:Medical:Insurance                 27.38 USD   
  Expenses:Health:Vision:Insurance                  42.30 USD   
  Expenses:Taxes:Y2015:US:Medicare                 106.62 USD   
  Expenses:Taxes:Y2015:US:Federal                 1062.92 USD   
  Expenses:Taxes:Y2015:US:State                    365.08 USD   
  Expenses:Taxes:Y2015:US:CityNYC                  174.92 USD   
  Expenses:Taxes:Y2015:US:SDI                        1.12 USD   
  Expenses:Taxes:Y2015:US:SocSec                   281.54 USD   
  Assets:US:Federal:PreTax401k                   -1200.00 IRAUSD
  Expenses:Taxes:Y2015:US:Federal:PreTax401k      1200.00 IRAUSD
  Assets:US:Babble:Vacation                             5 VACHR 
  Income:US:Babble:Vacation                            -5 VACHR 

2015-01-01 event "employer" "Babble, 1 Continuous Loop, Bupertina, CA"

2015-01-15 * "Babble" "Payroll"
  Assets:US:BofA:Checking                         1350.60 USD   
  Assets:US:Vanguard:Cash                         1200.00 USD   
  Income:US:Babble:Salary                        -4615.38 USD   
  Income:US:Babble:GroupTermLife                   -24.32 USD   
  Expenses:Health:Life:GroupTermLife                24.32 USD   
  Expenses:Health:Dental:Insurance                   2.90 USD   
  Expenses:Health:Medical:Insurance                 27.38 USD   
  Expenses:Health:Vision:Insurance                  42.30 USD   
  Expenses:Taxes:Y2015:US:Medicare                 106.62 USD   
  Expenses:Taxes:Y2015:US:Federal                 1062.92 USD   
  Expenses:Taxes:Y2015:US:State                    365.08 USD   
  Expenses:Taxes:Y2015:US:CityNYC                  174.92 USD   
  Expenses:Taxes:Y2015:US:SDI                        1.12 USD   
  Expenses:Taxes:Y2015:US:SocSec                   281.54 USD   
  Assets:US:Federal:PreTax401k                   -1200.00 IRAUSD
  Expenses:Taxes:Y2015:US:Federal:PreTax401k      1200.00 IRAUSD
  Assets:US:Babble:Vacation                             5 VACHR 
  Income:US:Babble:Vacation                            -5 VACHR 

2015-01-29 * "Babble" "Payroll"
  Assets:US:BofA:Checking                         1350.60 USD   
  Assets:US:Vanguard:Cash                         1200.00 USD   
  Income:US:Babble:Salary                        -4615.38 USD   
  Income:US:Babble:GroupTermLife                   -24.32 USD   
  Expenses:Health:Life:GroupTermLife                24.32 USD   
  Expenses:Health:Dental:Insurance                   2.90 USD   
  Expenses:Health:Medical:Insurance                 27.38 USD   
  Expenses:Health:Vision:Insurance                  42.30 USD   
  Expenses:Taxes:Y2015:US:Medicare                 106.62 USD   
  Expenses:Taxes:Y2015:US:Federal                 1062.92 USD   
  Expenses:Taxes:Y2015:US:State                    365.08 USD   
  Expenses:Taxes:Y2015:US:CityNYC                  174.92 USD   
  Expenses:Taxes:Y2015:US:SDI                        1.12 USD   
  Expenses:Taxes:Y2015:US:SocSec                   281.54 USD   
  Assets:US:Federal:PreTax401k                   -1200.00 IRAUSD
  Expenses:Taxes:Y2015:US:Federal:PreTax401k      1200.00 IRAUSD
  Assets:US:Babble:Vacation                             5 VACHR 
  Income:US:Babble:Vacation                            -5 VACHR 

2015-02-12 * "Babble" "Payroll"
  Assets:US:BofA:Checking                         1350.60 USD   
  Assets:US:Vanguard:Cash                         1200.00 USD   
  Income:US:Babble:Salary                        -4615.38 USD   
  Income:US:Babble:GroupTermLife                   -24.32 USD   
  Expenses:Health:Life:GroupTermLife                24.32 USD   
  Expenses:Health:Dental:Insurance                   2.90 USD   
  Expenses:Health:Medical:Insurance                 27.38 USD   
  Expenses:Health:Vision:Insurance                  42.30 USD   
  Expenses:Taxes:Y2015:US:Medicare                 106.62 USD   
  Expenses:Taxes:Y2015:US:Federal                 1062.92 USD   
  Expenses:Taxes:Y2015:US:State                    365.08 USD   
  Expenses:Taxes:Y2015:US:CityNYC                  174.92 USD   
  Expenses:Taxes:Y2015:US:SDI                        1.12 USD   
  Expenses:Taxes:Y2015:US:SocSec                   281.54 USD   
  Assets:US:Federal:PreTax401k                   -1200.00 IRAUSD
  Expenses:Taxes:Y2015:US:Federal:PreTax401k      1200.00 IRAUSD
  Assets:US:Babble:Vacation                             5 VACHR 
  Income:US:Babble:Vacation                            -5 VACHR 

2015-02-26 * "Babble" "Payroll"
  Assets:US:BofA:Checking                         1350.60 USD   
  Assets:US:Vanguard:Cash                         1200.00 USD   
  Income:US:Babble:Salary                        -4615.38 USD   
  Income:US:Babble:GroupTermLife                   -24.32 USD   
  Expenses:Health:Life:GroupTermLife                24.32 USD   
  Expenses:Health:Dental:Insurance                   2.90 USD   
  Expenses:Health:Medical:Insurance                 27.38 USD   
  Expenses:Health:Vision:Insurance                  42.30 USD   
  Expenses:Taxes:Y2015:US:Medicare                 106.62 USD   
  Expenses:Taxes:Y2015:US:Federal                 1062.92 USD   
  Expenses:Taxes:Y2015:US:State                    365.08 USD   
  Expenses:Taxes:Y2015:US:CityNYC                  174.92 USD   
  Expenses:Taxes:Y2015:US:SDI                        1.12 USD   
  Expenses:Taxes:Y2015:US:SocSec                   281.54 USD   
  Assets:US:Federal:PreTax401k                   -1200.00 IRAUSD
  Expenses:Taxes:Y2015:US:Federal:PreTax401k      1200.00 IRAUSD
  Assets:US:Babble:Vacation                             5 VACHR 
  Income:US:Babble:Vacation                            -5 VACHR 

2015-03-12 * "Babble" "Payroll"
  Assets:US:BofA:Checking                         1350.60 USD   
  Assets:US:Vanguard:Cash                         1200.00 USD   
  Income:US:Babble:Salary                        -4615.38 USD   
  Income:US:Babble:GroupTermLife                   -24.32 USD   
  Expenses:Health:Life:GroupTermLife                24.32 USD   
  Expenses:Health:Dental:Insurance                   2.90 USD   
  Expenses:Health:Medical:Insurance                 27.38 USD   
  Expenses:Health:Vision:Insurance                  42.30 USD   
  Expenses:Taxes:Y2015:US:Medicare                 106.62 USD   
  Expenses:Taxes:Y2015:US:Federal                 1062.92 USD   
  Expenses:Taxes:Y2015:US:State                    365.08 USD   
  Expenses:Taxes:Y2015:US:CityNYC                  174.92 USD   
  Expenses:Taxes:Y2015:US:SDI                        1.12 USD   
  Expenses:Taxes:Y2015:US:SocSec                   281.54 USD   
  Assets:US:Federal:PreTax401k                   -1200.00 IRAUSD
  Expenses:Taxes:Y2015:US:Federal:PreTax401k      1200.00 IRAUSD
  Assets:US:Babble:Vacation                             5 VACHR 
  Income:US:Babble:Vacation                            -5 VACHR 

2015-03-26 * "Babble" "Payroll"
  Assets:US:BofA:Checking                         1350.60 USD   
  Assets:US:Vanguard:Cash                         1200.00 USD   
  Income:US:Babble:Salary                        -4615.38 USD   
  Income:US:Babble:GroupTermLife                   -24.32 USD   
  Expenses:Health:Life:GroupTermLife                24.32 USD   
  Expenses:Health:Dental:Insurance                   2.90 USD   
  Expenses:Health:Medical:Insurance                 27.38 USD   
  Expenses:Health:Vision:Insurance                  42.30 USD   
  Expenses:Taxes:Y2015:US:Medicare                 106.62 USD   
  Expenses:Taxes:Y2015:US:Federal                 1062.92 USD   
  Expenses:Taxes:Y2015:US:State                    365.08 USD   
  Expenses:Taxes:Y2015:US:CityNYC                  174.92 USD   
  Expenses:Taxes:Y2015:US:SDI                        1.12 USD   
  Expenses:Taxes:Y2015:US:SocSec                   281.54 USD   
  Assets:US:Federal:PreTax401k                   -1200.00 IRAUSD
  Expenses:Taxes:Y2015:US:Federal:PreTax401k      1200.00 IRAUSD
  Assets:US:Babble:Vacation                             5 VACHR 
  Income:US:Babble:Vacation                            -5 VACHR 

2015-04-09 * "Babble" "Payroll"
  Assets:US:BofA:Checking                         1350.60 USD   
  Assets:US:Vanguard:Cash                         1200.00 USD   
  Income:US:Babble:Salary                        -4615.38 USD   
  Income:US:Babble:GroupTermLife                   -24.32 USD   
  Expenses:Health:Life:GroupTermLife                24.32 USD   
  Expenses:Health:Dental:Insurance                   2.90 USD   
  Expenses:Health:Medical:Insurance                 27.38 USD   
  Expenses:Health:Vision:Insurance                  42.30 USD   
  Expenses:Taxes:Y2015:US:Medicare                 106.62 USD   
  Expenses:Taxes:Y2015:US:Federal                 1062.92 USD   
  Expenses:Taxes:Y2015:US:State                    365.08 USD   
  Expenses:Taxes:Y2015:US:CityNYC                  174.92 USD   
  Expenses:Taxes:Y2015:US:SDI                        1.12 USD   
  Expenses:Taxes:Y2015:US:SocSec                   281.54 USD   
  Assets:US:Federal:PreTax401k                   -1200.00 IRAUSD
  Expenses:Taxes:Y2015:US:Federal:PreTax401k      1200.00 IRAUSD
  Assets:US:Babble:Vacation                             5 VACHR 
  Income:US:Babble:Vacation                            -5 VACHR 

2015-04-23 * "Babble" "Payroll"
  Assets:US:BofA:Checking                         1350.60 USD   
  Assets:US:Vanguard:Cash                         1200.00 USD   
  Income:US:Babble:Salary                        -4615.38 USD   
  Income:US:Babble:GroupTermLife                   -24.32 USD   
  Expenses:Health:Life:GroupTermLife                24.32 USD   
  Expenses:Health:Dental:Insurance                   2.90 USD   
  Expenses:Health:Medical:Insurance                 27.38 USD   
  Expenses:Health:Vision:Insurance                  42.30 USD   
  Expenses:Taxes:Y2015:US:Medicare                 106.62 USD   
  Expenses:Taxes:Y2015:US:Federal                 1062.92 USD   
  Expenses:Taxes:Y2015:US:State                    365.08 USD   
  Expenses:Taxes:Y2015:US:CityNYC                  174.92 USD   
  Expenses:Taxes:Y2015:US:SDI                        1.12 USD   
  Expenses:Taxes:Y2015:US:SocSec                   281.54 USD   
  Assets:US:Federal:PreTax401k                   -1200.00 IRAUSD
  Expenses:Taxes:Y2015:US:Federal:PreTax401k      1200.00 IRAUSD
  Assets:US:Babble:Vacation                             5 VACHR 
  Income:US:Babble:Vacation                            -5 VACHR 

2015-05-07 * "Babble" "Payroll"
  Assets:US:BofA:Checking                         1350.60 USD   
  Assets:US:Vanguard:Cash                         1200.00 USD   
  Income:US:Babble:Salary                        -4615.38 USD   
  Income:US:Babble:GroupTermLife                   -24.32 USD   
  Expenses:Health:Life:GroupTermLife                24.32 USD   
  Expenses:Health:Dental:Insurance                   2.90 USD   
  Expenses:Health:Medical:Insurance                 27.38 USD   
  Expenses:Health:Vision:Insurance                  42.30 USD   
  Expenses:Taxes:Y2015:US:Medicare                 106.62 USD   
  Expenses:Taxes:Y2015:US:Federal                 1062.92 USD   
  Expenses:Taxes:Y2015:US:State                    365.08 USD   
  Expenses:Taxes:Y2015:US:CityNYC                  174.92 USD   
  Expenses:Taxes:Y2015:US:SDI                        1.12 USD   
  Expenses:Taxes:Y2015:US:SocSec                   281.54 USD   
  Assets:US:Federal:PreTax401k                   -1200.00 IRAUSD
  Expenses:Taxes:Y2015:US:Federal:PreTax401k      1200.00 IRAUSD
  Assets:US:Babble:Vacation                             5 VACHR 
  Income:US:Babble:Vacation                            -5 VACHR 

2015-05-21 * "Babble" "Payroll"
  Assets:US:BofA:Checking                         1350.60 USD   
  Assets:US:Vanguard:Cash                         1200.00 USD   
  Income:US:Babble:Salary                        -4615.38 USD   
  Income:US:Babble:GroupTermLife                   -24.32 USD   
  Expenses:Health:Life:GroupTermLife                24.32 USD   
  Expenses:Health:Dental:Insurance                   2.90 USD   
  Expenses:Health:Medical:Insurance                 27.38 USD   
  Expenses:Health:Vision:Insurance                  42.30 USD   
  Expenses:Taxes:Y2015:US:Medicare                 106.62 USD   
  Expenses:Taxes:Y2015:US:Federal                 1062.92 USD   
  Expenses:Taxes:Y2015:US:State                    365.08 USD   
  Expenses:Taxes:Y2015:US:CityNYC                  174.92 USD   
  Expenses:Taxes:Y2015:US:SDI                        1.12 USD   
  Expenses:Taxes:Y2015:US:SocSec                   281.54 USD   
  Assets:US:Federal:PreTax401k                   -1200.00 IRAUSD
  Expenses:Taxes:Y2015:US:Federal:PreTax401k      1200.00 IRAUSD
  Assets:US:Babble:Vacation                             5 VACHR 
  Income:US:Babble:Vacation                            -5 VACHR 

2015-06-04 * "Babble" "Payroll"
  Assets:US:BofA:Checking                         1350.60 USD   
  Assets:US:Vanguard:Cash                         1200.00 USD   
  Income:US:Babble:Salary                        -4615.38 USD   
  Income:US:Babble:GroupTermLife                   -24.32 USD   
  Expenses:Health:Life:GroupTermLife                24.32 USD   
  Expenses:Health:Dental:Insurance                   2.90 USD   
  Expenses:Health:Medical:Insurance                 27.38 USD   
  Expenses:Health:Vision:Insurance                  42.30 USD   
  Expenses:Taxes:Y2015:US:Medicare                 106.62 USD   
  Expenses:Taxes:Y2015:US:Federal                 1062.92 USD   
  Expenses:Taxes:Y2015:US:State                    365.08 USD   
  Expenses:Taxes:Y2015:US:CityNYC                  174.92 USD   
  Expenses:Taxes:Y2015:US:SDI                        1.12 USD   
  Expenses:Taxes:Y2015:US:SocSec                   281.54 USD   
  Assets:US:Federal:PreTax401k                   -1200.00 IRAUSD
  Expenses:Taxes:Y2015:US:Federal:PreTax401k      1200.00 IRAUSD
  Assets:US:Babble:Vacation                             5 VACHR 
  Income:US:Babble:Vacation                            -5 VACHR 

2015-06-18 * "Babble" "Payroll"
  Assets:US:BofA:Checking                         1350.60 USD   
  Assets:US:Vanguard:Cash                         1200.00 USD   
  Income:US:Babble:Salary                        -4615.38 USD   
  Income:US:Babble:GroupTermLife                   -24.32 USD   
  Expenses:Health:Life:GroupTermLife                24.32 USD   
  Expenses:Health:Dental:Insurance                   2.90 USD   
  Expenses:Health:Medical:Insurance                 27.38 USD   
  Expenses:Health:Vision:Insurance                  42.30 USD   
  Expenses:Taxes:Y2015:US:Medicare                 106.62 USD   
  Expenses:Taxes:Y2015:US:Federal                 1062.92 USD   
  Expenses:Taxes:Y2015:US:State                    365.08 USD   
  Expenses:Taxes:Y2015:US:CityNYC                  174.92 USD   
  Expenses:Taxes:Y2015:US:SDI                        1.12 USD   
  Expenses:Taxes:Y2015:US:SocSec                   281.54 USD   
  Assets:US:Federal:PreTax401k                   -1200.00 IRAUSD
  Expenses:Taxes:Y2015:US:Federal:PreTax401k      1200.00 IRAUSD
  Assets:US:Babble:Vacation                             5 VACHR 
  Income:US:Babble:Vacation                            -5 VACHR 

2015-07-02 * "Babble" "Payroll"
  Assets:US:BofA:Checking                         1350.60 USD   
  Assets:US:Vanguard:Cash                         1200.00 USD   
  Income:US:Babble:Salary                        -4615.38 USD   
  Income:US:Babble:GroupTermLife                   -24.32 USD   
  Expenses:Health:Life:GroupTermLife                24.32 USD   
  Expenses:Health:Dental:Insurance                   2.90 USD   
  Expenses:Health:Medical:Insurance                 27.38 USD   
  Expenses:Health:Vision:Insurance                  42.30 USD   
  Expenses:Taxes:Y2015:US:Medicare                 106.62 USD   
  Expenses:Taxes:Y2015:US:Federal                 1062.92 USD   
  Expenses:Taxes:Y2015:US:State                    365.08 USD   
  Expenses:Taxes:Y2015:US:CityNYC                  174.92 USD   
  Expenses:Taxes:Y2015:US:SDI                        1.12 USD   
  Expenses:Taxes:Y2015:US:SocSec                   281.54 USD   
  Assets:US:Federal:PreTax401k                   -1200.00 IRAUSD
  Expenses:Taxes:Y2015:US:Federal:PreTax401k      1200.00 IRAUSD
  Assets:US:Babble:Vacation                             5 VACHR 
  Income:US:Babble:Vacation                            -5 VACHR 

2015-07-16 * "Babble" "Payroll"
  Assets:US:BofA:Checking                         1350.60 USD   
  Assets:US:Vanguard:Cash                         1200.00 USD   
  Income:US:Babble:Salary                        -4615.38 USD   
  Income:US:Babble:GroupTermLife                   -24.32 USD   
  Expenses:Health:Life:GroupTermLife                24.32 USD   
  Expenses:Health:Dental:Insurance                   2.90 USD   
  Expenses:Health:Medical:Insurance                 27.38 USD   
  Expenses:Health:Vision:Insurance                  42.30 USD   
  Expenses:Taxes:Y2015:US:Medicare                 106.62 USD   
  Expenses:Taxes:Y2015:US:Federal                 1062.92 USD   
  Expenses:Taxes:Y2015:US:State                    365.08 USD   
  Expenses:Taxes:Y2015:US:CityNYC                  174.92 USD   
  Expenses:Taxes:Y2015:US:SDI                        1.12 USD   
  Expenses:Taxes:Y2015:US:SocSec                   281.54 USD   
  Assets:US:Federal:PreTax401k                   -1200.00 IRAUSD
  Expenses:Taxes:Y2015:US:Federal:PreTax401k      1200.00 IRAUSD
  Assets:US:Babble:Vacation                             5 VACHR 
  Income:US:Babble:Vacation                            -5 VACHR 

2015-07-30 * "Babble" "Payroll"
  Assets:US:BofA:Checking                         2550.60 USD   
  Income:US:Babble:Salary                        -4615.38 USD   
  Income:US:Babble:GroupTermLife                   -24.32 USD   
  Expenses:Health:Life:GroupTermLife                24.32 USD   
  Expenses:Health:Dental:Insurance                   2.90 USD   
  Expenses:Health:Medical:Insurance                 27.38 USD   
  Expenses:Health:Vision:Insurance                  42.30 USD   
  Expenses:Taxes:Y2015:US:Medicare                 106.62 USD   
  Expenses:Taxes:Y2015:US:Federal                 1062.92 USD   
  Expenses:Taxes:Y2015:US:State                    365.08 USD   
  Expenses:Taxes:Y2015:US:CityNYC                  174.92 USD   
  Expenses:Taxes:Y2015:US:SDI                        1.12 USD   
  Expenses:Taxes:Y2015:US:SocSec                   281.54 USD   
  Assets:US:Federal:PreTax401k                       0.00 IRAUSD
  Assets:US:Babble:Vacation                             5 VACHR 
  Income:US:Babble:Vacation                            -5 VACHR 

2015-08-13 * "Babble" "Payroll"
  Assets:US:BofA:Checking                         2550.60 USD   
  Income:US:Babble:Salary                        -4615.38 USD   
  Income:US:Babble:GroupTermLife                   -24.32 USD   
  Expenses:Health:Life:GroupTermLife                24.32 USD   
  Expenses:Health:Dental:Insurance                   2.90 USD   
  Expenses:Health:Medical:Insurance                 27.38 USD   
  Expenses:Health:Vision:Insurance                  42.30 USD   
  Expenses:Taxes:Y2015:US:Medicare                 106.62 USD   
  Expenses:Taxes:Y2015:US:Federal                 1062.92 USD   
  Expenses:Taxes:Y2015:US:State                    365.08 USD   
  Expenses:Taxes:Y2015:US:CityNYC                  174.92 USD   
  Expenses:Taxes:Y2015:US:SDI                        1.12 USD   
  Expenses:Taxes:Y2015:US:SocSec                   281.54 USD   
  Assets:US:Federal:PreTax401k                       0.00 IRAUSD
  Assets:US:Babble:Vacation                             5 VACHR 
  Income:US:Babble:Vacation                            -5 VACHR 

2015-08-27 * "Babble" "Payroll"
  Assets:US:BofA:Checking                         2550.60 USD   
  Income:US:Babble:Salary                        -4615.38 USD   
  Income:US:Babble:GroupTermLife                   -24.32 USD   
  Expenses:Health:Life:GroupTermLife                24.32 USD   
  Expenses:Health:Dental:Insurance                   2.90 USD   
  Expenses:Health:Medical:Insurance                 27.38 USD   
  Expenses:Health:Vision:Insurance                  42.30 USD   
  Expenses:Taxes:Y2015:US:Medicare                 106.62 USD   
  Expenses:Taxes:Y2015:US:Federal                 1062.92 USD   
  Expenses:Taxes:Y2015:US:State                    365.08 USD   
  Expenses:Taxes:Y2015:US:CityNYC                  174.92 USD   
  Expenses:Taxes:Y2015:US:SDI                        1.12 USD   
  Expenses:Taxes:Y2015:US:SocSec                   281.54 USD   
  Assets:US:Federal:PreTax401k                       0.00 IRAUSD
  Assets:US:Babble:Vacation                             5 VACHR 
  Income:US:Babble:Vacation                            -5 VACHR 

2015-09-10 * "Babble" "Payroll"
  Assets:US:BofA:Checking                         2550.60 USD   
  Income:US:Babble:Salary                        -4615.38 USD   
  Income:US:Babble:GroupTermLife                   -24.32 USD   
  Expenses:Health:Life:GroupTermLife                24.32 USD   
  Expenses:Health:Dental:Insurance                   2.90 USD   
  Expenses:Health:Medical:Insurance                 27.38 USD   
  Expenses:Health:Vision:Insurance                  42.30 USD   
  Expenses:Taxes:Y2015:US:Medicare                 106.62 USD   
  Expenses:Taxes:Y2015:US:Federal                 1062.92 USD   
  Expenses:Taxes:Y2015:US:State                    365.08 USD   
  Expenses:Taxes:Y2015:US:CityNYC                  174.92 USD   
  Expenses:Taxes:Y2015:US:SDI                        1.12 USD   
  Expenses:Taxes:Y2015:US:SocSec                   281.54 USD   
  Assets:US:Federal:PreTax401k                       0.00 IRAUSD
  Assets:US:Babble:Vacation                             5 VACHR 
  Income:US:Babble:Vacation                            -5 VACHR 

2015-09-24 * "Babble" "Payroll"
  Assets:US:BofA:Checking                         2550.60 USD   
  Income:US:Babble:Salary                        -4615.38 USD   
  Income:US:Babble:GroupTermLife                   -24.32 USD   
  Expenses:Health:Life:GroupTermLife                24.32 USD   
  Expenses:Health:Dental:Insurance                   2.90 USD   
  Expenses:Health:Medical:Insurance                 27.38 USD   
  Expenses:Health:Vision:Insurance                  42.30 USD   
  Expenses:Taxes:Y2015:US:Medicare                 106.62 USD   
  Expenses:Taxes:Y2015:US:Federal                 1062.92 USD   
  Expenses:Taxes:Y2015:US:State                    365.08 USD   
  Expenses:Taxes:Y2015:US:CityNYC                  174.92 USD   
  Expenses:Taxes:Y2015:US:SDI                        1.12 USD   
  Expenses:Taxes:Y2015:US:SocSec                   281.54 USD   
  Assets:US:Federal:PreTax401k                       0.00 IRAUSD
  Assets:US:Babble:Vacation                             5 VACHR 
  Income:US:Babble:Vacation                            -5 VACHR 

2015-10-08 * "Babble" "Payroll"
  Assets:US:BofA:Checking                         2550.60 USD   
  Income:US:Babble:Salary                        -4615.38 USD   
  Income:US:Babble:GroupTermLife                   -24.32 USD   
  Expenses:Health:Life:GroupTermLife                24.32 USD   
  Expenses:Health:Dental:Insurance                   2.90 USD   
  Expenses:Health:Medical:Insurance                 27.38 USD   
  Expenses:Health:Vision:Insurance                  42.30 USD   
  Expenses:Taxes:Y2015:US:Medicare                 106.62 USD   
  Expenses:Taxes:Y2015:US:Federal                 1062.92 USD   
  Expenses:Taxes:Y2015:US:State                    365.08 USD   
  Expenses:Taxes:Y2015:US:CityNYC                  174.92 USD   
  Expenses:Taxes:Y2015:US:SDI                        1.12 USD   
  Expenses:Taxes:Y2015:US:SocSec                   281.54 USD   
  Assets:US:Federal:PreTax401k                       0.00 IRAUSD
  Assets:US:Babble:Vacation                             5 VACHR 
  Income:US:Babble:Vacation                            -5 VACHR 

2015-10-22 * "Babble" "Payroll"
  Assets:US:BofA:Checking                         2550.60 USD   
  Income:US:Babble:Salary                        -4615.38 USD   
  Income:US:Babble:GroupTermLife                   -24.32 USD   
  Expenses:Health:Life:GroupTermLife                24.32 USD   
  Expenses:Health:Dental:Insurance                   2.90 USD   
  Expenses:Health:Medical:Insurance                 27.38 USD   
  Expenses:Health:Vision:Insurance                  42.30 USD   
  Expenses:Taxes:Y2015:US:Medicare                 106.62 USD   
  Expenses:Taxes:Y2015:US:Federal                 1062.92 USD   
  Expenses:Taxes:Y2015:US:State                    365.08 USD   
  Expenses:Taxes:Y2015:US:CityNYC                  174.92 USD   
  Expenses:Taxes:Y2015:US:SDI                        1.12 USD   
  Expenses:Taxes:Y2015:US:SocSec                   281.54 USD   
  Assets:US:Federal:PreTax401k                       0.00 IRAUSD
  Assets:US:Babble:Vacation                             5 VACHR 
  Income:US:Babble:Vacation                            -5 VACHR 

2015-11-05 * "Babble" "Payroll"
  Assets:US:BofA:Checking                         2550.60 USD   
  Income:US:Babble:Salary                        -4615.38 USD   
  Income:US:Babble:GroupTermLife                   -24.32 USD   
  Expenses:Health:Life:GroupTermLife                24.32 USD   
  Expenses:Health:Dental:Insurance                   2.90 USD   
  Expenses:Health:Medical:Insurance                 27.38 USD   
  Expenses:Health:Vision:Insurance                  42.30 USD   
  Expenses:Taxes:Y2015:US:Medicare                 106.62 USD   
  Expenses:Taxes:Y2015:US:Federal                 1062.92 USD   
  Expenses:Taxes:Y2015:US:State                    365.08 USD   
  Expenses:Taxes:Y2015:US:CityNYC                  174.92 USD   
  Expenses:Taxes:Y2015:US:SDI                        1.12 USD   
  Expenses:Taxes:Y2015:US:SocSec                   281.54 USD   
  Assets:US:Federal:PreTax401k                       0.00 IRAUSD
  Assets:US:Babble:Vacation                             5 VACHR 
  Income:US:Babble:Vacation                            -5 VACHR 

2015-11-19 * "Babble" "Payroll"
  Assets:US:BofA:Checking                         2550.60 USD   
  Income:US:Babble:Salary                        -4615.38 USD   
  Income:US:Babble:GroupTermLife                   -24.32 USD   
  Expenses:Health:Life:GroupTermLife                24.32 USD   
  Expenses:Health:Dental:Insurance                   2.90 USD   
  Expenses:Health:Medical:Insurance                 27.38 USD   
  Expenses:Health:Vision:Insurance                  42.30 USD   
  Expenses:Taxes:Y2015:US:Medicare                 106.62 USD   
  Expenses:Taxes:Y2015:US:Federal                 1062.92 USD   
  Expenses:Taxes:Y2015:US:State                    365.08 USD   
  Expenses:Taxes:Y2015:US:CityNYC                  174.92 USD   
  Expenses:Taxes:Y2015:US:SDI                        1.12 USD   
  Expenses:Taxes:Y2015:US:SocSec                   281.54 USD   
  Assets:US:Federal:PreTax401k                       0.00 IRAUSD
  Assets:US:Babble:Vacation                             5 VACHR 
  Income:US:Babble:Vacation                            -5 VACHR 

2015-12-03 * "Babble" "Payroll"
  Assets:US:BofA:Checking                         2589.06 USD   
  Income:US:Babble:Salary                        -4615.38 USD   
  Income:US:Babble:GroupTermLife                   -24.32 USD   
  Expenses:Health:Life:GroupTermLife                24.32 USD   
  Expenses:Health:Dental:Insurance                   2.90 USD   
  Expenses:Health:Medical:Insurance                 27.38 USD   
  Expenses:Health:Vision:Insurance                  42.30 USD   
  Expenses:Taxes:Y2015:US:Medicare                 106.62 USD   
  Expenses:Taxes:Y2015:US:Federal                 1062.92 USD   
  Expenses:Taxes:Y2015:US:State                    365.08 USD   
  Expenses:Taxes:Y2015:US:CityNYC                  174.92 USD   
  Expenses:Taxes:Y2015:US:SDI                        1.12 USD   
  Expenses:Taxes:Y2015:US:SocSec                   243.08 USD   
  Assets:US:Federal:PreTax401k                       0.00 IRAUSD
  Assets:US:Babble:Vacation                             5 VACHR 
  Income:US:Babble:Vacation                            -5 VACHR 

2015-12-17 * "Babble" "Payroll"
  Assets:US:BofA:Checking                         2832.14 USD   
  Income:US:Babble:Salary                        -4615.38 USD   
  Income:US:Babble:GroupTermLife                   -24.32 USD   
  Expenses:Health:Life:GroupTermLife                24.32 USD   
  Expenses:Health:Dental:Insurance                   2.90 USD   
  Expenses:Health:Medical:Insurance                 27.38 USD   
  Expenses:Health:Vision:Insurance                  42.30 USD   
  Expenses:Taxes:Y2015:US:Medicare                 106.62 USD   
  Expenses:Taxes:Y2015:US:Federal                 1062.92 USD   
  Expenses:Taxes:Y2015:US:State                    365.08 USD   
  Expenses:Taxes:Y2015:US:CityNYC                  174.92 USD   
  Expenses:Taxes:Y2015:US:SDI                        1.12 USD   
  Expenses:Taxes:Y2015:US:SocSec                     0.00 USD   
  Assets:US:Federal:PreTax401k                       0.00 IRAUSD
  Assets:US:Babble:Vacation                             5 VACHR 
  Income:US:Babble:Vacation                            -5 VACHR 

2015-12-31 * "Babble" "Payroll"
  Assets:US:BofA:Checking                         2832.14 USD   
  Income:US:Babble:Salary                        -4615.38 USD   
  Income:US:Babble:GroupTermLife                   -24.32 USD   
  Expenses:Health:Life:GroupTermLife                24.32 USD   
  Expenses:Health:Dental:Insurance                   2.90 USD   
  Expenses:Health:Medical:Insurance                 27.38 USD   
  Expenses:Health:Vision:Insurance                  42.30 USD   
  Expenses:Taxes:Y2015:US:Medicare                 106.62 USD   
  Expenses:Taxes:Y2015:US:Federal                 1062.92 USD   
  Expenses:Taxes:Y2015:US:State                    365.08 USD   
  Expenses:Taxes:Y2015:US:CityNYC                  174.92 USD   
  Expenses:Taxes:Y2015:US:SDI                        1.12 USD   
  Expenses:Taxes:Y2015:US:SocSec                     0.00 USD   
  Assets:US:Federal:PreTax401k                       0.00 IRAUSD
  Assets:US:Babble:Vacation                             5 VACHR 
  Income:US:Babble:Vacation                            -5 VACHR 

2016-01-14 * "Babble" "Payroll"
  Assets:US:BofA:Checking                         1350.60 USD   
  Assets:US:Vanguard:Cash                         1200.00 USD   
  Income:US:Babble:Salary                        -4615.38 USD   
  Income:US:Babble:GroupTermLife                   -24.32 USD   
  Expenses:Health:Life:GroupTermLife                24.32 USD   
  Expenses:Health:Dental:Insurance                   2.90 USD   
  Expenses:Health:Medical:Insurance                 27.38 USD   
  Expenses:Health:Vision:Insurance                  42.30 USD   
  Expenses:Taxes:Y2016:US:Medicare                 106.62 USD   
  Expenses:Taxes:Y2016:US:Federal                 1062.92 USD   
  Expenses:Taxes:Y2016:US:State                    365.08 USD   
  Expenses:Taxes:Y2016:US:CityNYC                  174.92 USD   
  Expenses:Taxes:Y2016:US:SDI                        1.12 USD   
  Expenses:Taxes:Y2016:US:SocSec                   281.54 USD   
  Assets:US:Federal:PreTax401k                   -1200.00 IRAUSD
  Expenses:Taxes:Y2016:US:Federal:PreTax401k      1200.00 IRAUSD
  Assets:US:Babble:Vacation                             5 VACHR 
  Income:US:Babble:Vacation                            -5 VACHR 

2016-01-28 * "Babble" "Payroll"
  Assets:US:BofA:Checking                         1350.60 USD   
  Assets:US:Vanguard:Cash                         1200.00 USD   
  Income:US:Babble:Salary                        -4615.38 USD   
  Income:US:Babble:GroupTermLife                   -24.32 USD   
  Expenses:Health:Life:GroupTermLife                24.32 USD   
  Expenses:Health:Dental:Insurance                   2.90 USD   
  Expenses:Health:Medical:Insurance                 27.38 USD   
  Expenses:Health:Vision:Insurance                  42.30 USD   
  Expenses:Taxes:Y2016:US:Medicare                 106.62 USD   
  Expenses:Taxes:Y2016:US:Federal                 1062.92 USD   
  Expenses:Taxes:Y2016:US:State                    365.08 USD   
  Expenses:Taxes:Y2016:US:CityNYC                  174.92 USD   
  Expenses:Taxes:Y2016:US:SDI                        1.12 USD   
  Expenses:Taxes:Y2016:US:SocSec                   281.54 USD   
  Assets:US:Federal:PreTax401k                   -1200.00 IRAUSD
  Expenses:Taxes:Y2016:US:Federal:PreTax401k      1200.00 IRAUSD
  Assets:US:Babble:Vacation                             5 VACHR 
  Income:US:Babble:Vacation                            -5 VACHR 

2016-02-11 * "Babble" "Payroll"
  Assets:US:BofA:Checking                         1350.60 USD   
  Assets:US:Vanguard:Cash                         1200.00 USD   
  Income:US:Babble:Salary                        -4615.38 USD   
  Income:US:Babble:GroupTermLife                   -24.32 USD   
  Expenses:Health:Life:GroupTermLife                24.32 USD   
  Expenses:Health:Dental:Insurance                   2.90 USD   
  Expenses:Health:Medical:Insurance                 27.38 USD   
  Expenses:Health:Vision:Insurance                  42.30 USD   
  Expenses:Taxes:Y2016:US:Medicare                 106.62 USD   
  Expenses:Taxes:Y2016:US:Federal                 1062.92 USD   
  Expenses:Taxes:Y2016:US:State                    365.08 USD   
  Expenses:Taxes:Y2016:US:CityNYC                  174.92 USD   
  Expenses:Taxes:Y2016:US:SDI                        1.12 USD   
  Expenses:Taxes:Y2016:US:SocSec                   281.54 USD   
  Assets:US:Federal:PreTax401k                   -1200.00 IRAUSD
  Expenses:Taxes:Y2016:US:Federal:PreTax401k      1200.00 IRAUSD
  Assets:US:Babble:Vacation                             5 VACHR 
  Income:US:Babble:Vacation                            -5 VACHR 

2016-02-25 * "Babble" "Payroll"
  Assets:US:BofA:Checking                         1350.60 USD   
  Assets:US:Vanguard:Cash                         1200.00 USD   
  Income:US:Babble:Salary                        -4615.38 USD   
  Income:US:Babble:GroupTermLife                   -24.32 USD   
  Expenses:Health:Life:GroupTermLife                24.32 USD   
  Expenses:Health:Dental:Insurance                   2.90 USD   
  Expenses:Health:Medical:Insurance                 27.38 USD   
  Expenses:Health:Vision:Insurance                  42.30 USD   
  Expenses:Taxes:Y2016:US:Medicare                 106.62 USD   
  Expenses:Taxes:Y2016:US:Federal                 1062.92 USD   
  Expenses:Taxes:Y2016:US:State                    365.08 USD   
  Expenses:Taxes:Y2016:US:CityNYC                  174.92 USD   
  Expenses:Taxes:Y2016:US:SDI                        1.12 USD   
  Expenses:Taxes:Y2016:US:SocSec                   281.54 USD   
  Assets:US:Federal:PreTax401k                   -1200.00 IRAUSD
  Expenses:Taxes:Y2016:US:Federal:PreTax401k      1200.00 IRAUSD
  Assets:US:Babble:Vacation                             5 VACHR 
  Income:US:Babble:Vacation                            -5 VACHR 

2016-03-10 * "Babble" "Payroll"
  Assets:US:BofA:Checking                         1350.60 USD   
  Assets:US:Vanguard:Cash                         1200.00 USD   
  Income:US:Babble:Salary                        -4615.38 USD   
  Income:US:Babble:GroupTermLife                   -24.32 USD   
  Expenses:Health:Life:GroupTermLife                24.32 USD   
  Expenses:Health:Dental:Insurance                   2.90 USD   
  Expenses:Health:Medical:Insurance                 27.38 USD   
  Expenses:Health:Vision:Insurance                  42.30 USD   
  Expenses:Taxes:Y2016:US:Medicare                 106.62 USD   
  Expenses:Taxes:Y2016:US:Federal                 1062.92 USD   
  Expenses:Taxes:Y2016:US:State                    365.08 USD   
  Expenses:Taxes:Y2016:US:CityNYC                  174.92 USD   
  Expenses:Taxes:Y2016:US:SDI                        1.12 USD   
  Expenses:Taxes:Y2016:US:SocSec                   281.54 USD   
  Assets:US:Federal:PreTax401k                   -1200.00 IRAUSD
  Expenses:Taxes:Y2016:US:Federal:PreTax401k      1200.00 IRAUSD
  Assets:US:Babble:Vacation                             5 VACHR 
  Income:US:Babble:Vacation                            -5 VACHR 

2016-03-24 * "Babble" "Payroll"
  Assets:US:BofA:Checking                         1350.60 USD   
  Assets:US:Vanguard:Cash                         1200.00 USD   
  Income:US:Babble:Salary                        -4615.38 USD   
  Income:US:Babble:GroupTermLife                   -24.32 USD   
  Expenses:Health:Life:GroupTermLife                24.32 USD   
  Expenses:Health:Dental:Insurance                   2.90 USD   
  Expenses:Health:Medical:Insurance                 27.38 USD   
  Expenses:Health:Vision:Insurance                  42.30 USD   
  Expenses:Taxes:Y2016:US:Medicare                 106.62 USD   
  Expenses:Taxes:Y2016:US:Federal                 1062.92 USD   
  Expenses:Taxes:Y2016:US:State                    365.08 USD   
  Expenses:Taxes:Y2016:US:CityNYC                  174.92 USD   
  Expenses:Taxes:Y2016:US:SDI                        1.12 USD   
  Expenses:Taxes:Y2016:US:SocSec                   281.54 USD   
  Assets:US:Federal:PreTax401k                   -1200.00 IRAUSD
  Expenses:Taxes:Y2016:US:Federal:PreTax401k      1200.00 IRAUSD
  Assets:US:Babble:Vacation                             5 VACHR 
  Income:US:Babble:Vacation                            -5 VACHR 

2016-04-07 * "Babble" "Payroll"
  Assets:US:BofA:Checking                         1350.60 USD   
  Assets:US:Vanguard:Cash                         1200.00 USD   
  Income:US:Babble:Salary                        -4615.38 USD   
  Income:US:Babble:GroupTermLife                   -24.32 USD   
  Expenses:Health:Life:GroupTermLife                24.32 USD   
  Expenses:Health:Dental:Insurance                   2.90 USD   
  Expenses:Health:Medical:Insurance                 27.38 USD   
  Expenses:Health:Vision:Insurance                  42.30 USD   
  Expenses:Taxes:Y2016:US:Medicare                 106.62 USD   
  Expenses:Taxes:Y2016:US:Federal                 1062.92 USD   
  Expenses:Taxes:Y2016:US:State                    365.08 USD   
  Expenses:Taxes:Y2016:US:CityNYC                  174.92 USD   
  Expenses:Taxes:Y2016:US:SDI                        1.12 USD   
  Expenses:Taxes:Y2016:US:SocSec                   281.54 USD   
  Assets:US:Federal:PreTax401k                   -1200.00 IRAUSD
  Expenses:Taxes:Y2016:US:Federal:PreTax401k      1200.00 IRAUSD
  Assets:US:Babble:Vacation                             5 VACHR 
  Income:US:Babble:Vacation                            -5 VACHR 

2016-04-21 * "Babble" "Payroll"
  Assets:US:BofA:Checking                         1350.60 USD   
  Assets:US:Vanguard:Cash                         1200.00 USD   
  Income:US:Babble:Salary                        -4615.38 USD   
  Income:US:Babble:GroupTermLife                   -24.32 USD   
  Expenses:Health:Life:GroupTermLife                24.32 USD   
  Expenses:Health:Dental:Insurance                   2.90 USD   
  Expenses:Health:Medical:Insurance                 27.38 USD   
  Expenses:Health:Vision:Insurance                  42.30 USD   
  Expenses:Taxes:Y2016:US:Medicare                 106.62 USD   
  Expenses:Taxes:Y2016:US:Federal                 1062.92 USD   
  Expenses:Taxes:Y2016:US:State                    365.08 USD   
  Expenses:Taxes:Y2016:US:CityNYC                  174.92 USD   
  Expenses:Taxes:Y2016:US:SDI                        1.12 USD   
  Expenses:Taxes:Y2016:US:SocSec                   281.54 USD   
  Assets:US:Federal:PreTax401k                   -1200.00 IRAUSD
  Expenses:Taxes:Y2016:US:Federal:PreTax401k      1200.00 IRAUSD
  Assets:US:Babble:Vacation                             5 VACHR 
  Income:US:Babble:Vacation                            -5 VACHR 

2016-05-05 * "Babble" "Payroll"
  Assets:US:BofA:Checking                         1350.60 USD   
  Assets:US:Vanguard:Cash                         1200.00 USD   
  Income:US:Babble:Salary                        -4615.38 USD   
  Income:US:Babble:GroupTermLife                   -24.32 USD   
  Expenses:Health:Life:GroupTermLife                24.32 USD   
  Expenses:Health:Dental:Insurance                   2.90 USD   
  Expenses:Health:Medical:Insurance                 27.38 USD   
  Expenses:Health:Vision:Insurance                  42.30 USD   
  Expenses:Taxes:Y2016:US:Medicare                 106.62 USD   
  Expenses:Taxes:Y2016:US:Federal                 1062.92 USD   
  Expenses:Taxes:Y2016:US:State                    365.08 USD   
  Expenses:Taxes:Y2016:US:CityNYC                  174.92 USD   
  Expenses:Taxes:Y2016:US:SDI                        1.12 USD   
  Expenses:Taxes:Y2016:US:SocSec                   281.54 USD   
  Assets:US:Federal:PreTax401k                   -1200.00 IRAUSD
  Expenses:Taxes:Y2016:US:Federal:PreTax401k      1200.00 IRAUSD
  Assets:US:Babble:Vacation                             5 VACHR 
  Income:US:Babble:Vacation                            -5 VACHR 

2016-05-19 * "Babble" "Payroll"
  Assets:US:BofA:Checking                         1350.60 USD   
  Assets:US:Vanguard:Cash                         1200.00 USD   
  Income:US:Babble:Salary                        -4615.38 USD   
  Income:US:Babble:GroupTermLife                   -24.32 USD   
  Expenses:Health:Life:GroupTermLife                24.32 USD   
  Expenses:Health:Dental:Insurance                   2.90 USD   
  Expenses:Health:Medical:Insurance                 27.38 USD   
  Expenses:Health:Vision:Insurance                  42.30 USD   
  Expenses:Taxes:Y2016:US:Medicare                 106.62 USD   
  Expenses:Taxes:Y2016:US:Federal                 1062.92 USD   
  Expenses:Taxes:Y2016:US:State                    365.08 USD   
  Expenses:Taxes:Y2016:US:CityNYC                  174.92 USD   
  Expenses:Taxes:Y2016:US:SDI                        1.12 USD   
  Expenses:Taxes:Y2016:US:SocSec                   281.54 USD   
  Assets:US:Federal:PreTax401k                   -1200.00 IRAUSD
  Expenses:Taxes:Y2016:US:Federal:PreTax401k      1200.00 IRAUSD
  Assets:US:Babble:Vacation                             5 VACHR 
  Income:US:Babble:Vacation                            -5 VACHR 

2016-06-02 * "Babble" "Payroll"
  Assets:US:BofA:Checking                         1350.60 USD   
  Assets:US:Vanguard:Cash                         1200.00 USD   
  Income:US:Babble:Salary                        -4615.38 USD   
  Income:US:Babble:GroupTermLife                   -24.32 USD   
  Expenses:Health:Life:GroupTermLife                24.32 USD   
  Expenses:Health:Dental:Insurance                   2.90 USD   
  Expenses:Health:Medical:Insurance                 27.38 USD   
  Expenses:Health:Vision:Insurance                  42.30 USD   
  Expenses:Taxes:Y2016:US:Medicare                 106.62 USD   
  Expenses:Taxes:Y2016:US:Federal                 1062.92 USD   
  Expenses:Taxes:Y2016:US:State                    365.08 USD   
  Expenses:Taxes:Y2016:US:CityNYC                  174.92 USD   
  Expenses:Taxes:Y2016:US:SDI                        1.12 USD   
  Expenses:Taxes:Y2016:US:SocSec                   281.54 USD   
  Assets:US:Federal:PreTax401k                   -1200.00 IRAUSD
  Expenses:Taxes:Y2016:US:Federal:PreTax401k      1200.00 IRAUSD
  Assets:US:Babble:Vacation                             5 VACHR 
  Income:US:Babble:Vacation                            -5 VACHR 

2016-06-16 * "Babble" "Payroll"
  Assets:US:BofA:Checking                         1350.60 USD   
  Assets:US:Vanguard:Cash                         1200.00 USD   
  Income:US:Babble:Salary                        -4615.38 USD   
  Income:US:Babble:GroupTermLife                   -24.32 USD   
  Expenses:Health:Life:GroupTermLife                24.32 USD   
  Expenses:Health:Dental:Insurance                   2.90 USD   
  Expenses:Health:Medical:Insurance                 27.38 USD   
  Expenses:Health:Vision:Insurance                  42.30 USD   
  Expenses:Taxes:Y2016:US:Medicare                 106.62 USD   
  Expenses:Taxes:Y2016:US:Federal                 1062.92 USD   
  Expenses:Taxes:Y2016:US:State                    365.08 USD   
  Expenses:Taxes:Y2016:US:CityNYC                  174.92 USD   
  Expenses:Taxes:Y2016:US:SDI                        1.12 USD   
  Expenses:Taxes:Y2016:US:SocSec                   281.54 USD   
  Assets:US:Federal:PreTax401k                   -1200.00 IRAUSD
  Expenses:Taxes:Y2016:US:Federal:PreTax401k      1200.00 IRAUSD
  Assets:US:Babble:Vacation                             5 VACHR 
  Income:US:Babble:Vacation                            -5 VACHR 

2016-06-30 * "Babble" "Payroll"
  Assets:US:BofA:Checking                         1350.60 USD   
  Assets:US:Vanguard:Cash                         1200.00 USD   
  Income:US:Babble:Salary                        -4615.38 USD   
  Income:US:Babble:GroupTermLife                   -24.32 USD   
  Expenses:Health:Life:GroupTermLife                24.32 USD   
  Expenses:Health:Dental:Insurance                   2.90 USD   
  Expenses:Health:Medical:Insurance                 27.38 USD   
  Expenses:Health:Vision:Insurance                  42.30 USD   
  Expenses:Taxes:Y2016:US:Medicare                 106.62 USD   
  Expenses:Taxes:Y2016:US:Federal                 1062.92 USD   
  Expenses:Taxes:Y2016:US:State                    365.08 USD   
  Expenses:Taxes:Y2016:US:CityNYC                  174.92 USD   
  Expenses:Taxes:Y2016:US:SDI                        1.12 USD   
  Expenses:Taxes:Y2016:US:SocSec                   281.54 USD   
  Assets:US:Federal:PreTax401k                   -1200.00 IRAUSD
  Expenses:Taxes:Y2016:US:Federal:PreTax401k      1200.00 IRAUSD
  Assets:US:Babble:Vacation                             5 VACHR 
  Income:US:Babble:Vacation                            -5 VACHR 

2016-07-14 * "Babble" "Payroll"
  Assets:US:BofA:Checking                         1350.60 USD   
  Assets:US:Vanguard:Cash                         1200.00 USD   
  Income:US:Babble:Salary                        -4615.38 USD   
  Income:US:Babble:GroupTermLife                   -24.32 USD   
  Expenses:Health:Life:GroupTermLife                24.32 USD   
  Expenses:Health:Dental:Insurance                   2.90 USD   
  Expenses:Health:Medical:Insurance                 27.38 USD   
  Expenses:Health:Vision:Insurance                  42.30 USD   
  Expenses:Taxes:Y2016:US:Medicare                 106.62 USD   
  Expenses:Taxes:Y2016:US:Federal                 1062.92 USD   
  Expenses:Taxes:Y2016:US:State                    365.08 USD   
  Expenses:Taxes:Y2016:US:CityNYC                  174.92 USD   
  Expenses:Taxes:Y2016:US:SDI                        1.12 USD   
  Expenses:Taxes:Y2016:US:SocSec                   281.54 USD   
  Assets:US:Federal:PreTax401k                   -1200.00 IRAUSD
  Expenses:Taxes:Y2016:US:Federal:PreTax401k      1200.00 IRAUSD
  Assets:US:Babble:Vacation                             5 VACHR 
  Income:US:Babble:Vacation                            -5 VACHR 

2016-07-28 * "Babble" "Payroll"
  Assets:US:BofA:Checking                         1350.60 USD   
  Assets:US:Vanguard:Cash                         1200.00 USD   
  Income:US:Babble:Salary                        -4615.38 USD   
  Income:US:Babble:GroupTermLife                   -24.32 USD   
  Expenses:Health:Life:GroupTermLife                24.32 USD   
  Expenses:Health:Dental:Insurance                   2.90 USD   
  Expenses:Health:Medical:Insurance                 27.38 USD   
  Expenses:Health:Vision:Insurance                  42.30 USD   
  Expenses:Taxes:Y2016:US:Medicare                 106.62 USD   
  Expenses:Taxes:Y2016:US:Federal                 1062.92 USD   
  Expenses:Taxes:Y2016:US:State                    365.08 USD   
  Expenses:Taxes:Y2016:US:CityNYC                  174.92 USD   
  Expenses:Taxes:Y2016:US:SDI                        1.12 USD   
  Expenses:Taxes:Y2016:US:SocSec                   281.54 USD   
  Assets:US:Federal:PreTax401k                   -1200.00 IRAUSD
  Expenses:Taxes:Y2016:US:Federal:PreTax401k      1200.00 IRAUSD
  Assets:US:Babble:Vacation                             5 VACHR 
  Income:US:Babble:Vacation                            -5 VACHR 

2016-08-11 * "Babble" "Payroll"
  Assets:US:BofA:Checking                         2550.60 USD   
  Income:US:Babble:Salary                        -4615.38 USD   
  Income:US:Babble:GroupTermLife                   -24.32 USD   
  Expenses:Health:Life:GroupTermLife                24.32 USD   
  Expenses:Health:Dental:Insurance                   2.90 USD   
  Expenses:Health:Medical:Insurance                 27.38 USD   
  Expenses:Health:Vision:Insurance                  42.30 USD   
  Expenses:Taxes:Y2016:US:Medicare                 106.62 USD   
  Expenses:Taxes:Y2016:US:Federal                 1062.92 USD   
  Expenses:Taxes:Y2016:US:State                    365.08 USD   
  Expenses:Taxes:Y2016:US:CityNYC                  174.92 USD   
  Expenses:Taxes:Y2016:US:SDI                        1.12 USD   
  Expenses:Taxes:Y2016:US:SocSec                   281.54 USD   
  Assets:US:Federal:PreTax401k                       0.00 IRAUSD
  Assets:US:Babble:Vacation                             5 VACHR 
  Income:US:Babble:Vacation                            -5 VACHR 

2016-08-25 * "Babble" "Payroll"
  Assets:US:BofA:Checking                         2550.60 USD   
  Income:US:Babble:Salary                        -4615.38 USD   
  Income:US:Babble:GroupTermLife                   -24.32 USD   
  Expenses:Health:Life:GroupTermLife                24.32 USD   
  Expenses:Health:Dental:Insurance                   2.90 USD   
  Expenses:Health:Medical:Insurance                 27.38 USD   
  Expenses:Health:Vision:Insurance                  42.30 USD   
  Expenses:Taxes:Y2016:US:Medicare                 106.62 USD   
  Expenses:Taxes:Y2016:US:Federal                 1062.92 USD   
  Expenses:Taxes:Y2016:US:State                    365.08 USD   
  Expenses:Taxes:Y2016:US:CityNYC                  174.92 USD   
  Expenses:Taxes:Y2016:US:SDI                        1.12 USD   
  Expenses:Taxes:Y2016:US:SocSec                   281.54 USD   
  Assets:US:Federal:PreTax401k                       0.00 IRAUSD
  Assets:US:Babble:Vacation                             5 VACHR 
  Income:US:Babble:Vacation                            -5 VACHR 

2016-09-08 * "Babble" "Payroll"
  Assets:US:BofA:Checking                         2550.60 USD   
  Income:US:Babble:Salary                        -4615.38 USD   
  Income:US:Babble:GroupTermLife                   -24.32 USD   
  Expenses:Health:Life:GroupTermLife                24.32 USD   
  Expenses:Health:Dental:Insurance                   2.90 USD   
  Expenses:Health:Medical:Insurance                 27.38 USD   
  Expenses:Health:Vision:Insurance                  42.30 USD   
  Expenses:Taxes:Y2016:US:Medicare                 106.62 USD   
  Expenses:Taxes:Y2016:US:Federal                 1062.92 USD   
  Expenses:Taxes:Y2016:US:State                    365.08 USD   
  Expenses:Taxes:Y2016:US:CityNYC                  174.92 USD   
  Expenses:Taxes:Y2016:US:SDI                        1.12 USD   
  Expenses:Taxes:Y2016:US:SocSec                   281.54 USD   
  Assets:US:Federal:PreTax401k                       0.00 IRAUSD
  Assets:US:Babble:Vacation                             5 VACHR 
  Income:US:Babble:Vacation                            -5 VACHR 

2016-09-22 * "Babble" "Payroll"
  Assets:US:BofA:Checking                         2550.60 USD   
  Income:US:Babble:Salary                        -4615.38 USD   
  Income:US:Babble:GroupTermLife                   -24.32 USD   
  Expenses:Health:Life:GroupTermLife                24.32 USD   
  Expenses:Health:Dental:Insurance                   2.90 USD   
  Expenses:Health:Medical:Insurance                 27.38 USD   
  Expenses:Health:Vision:Insurance                  42.30 USD   
  Expenses:Taxes:Y2016:US:Medicare                 106.62 USD   
  Expenses:Taxes:Y2016:US:Federal                 1062.92 USD   
  Expenses:Taxes:Y2016:US:State                    365.08 USD   
  Expenses:Taxes:Y2016:US:CityNYC                  174.92 USD   
  Expenses:Taxes:Y2016:US:SDI                        1.12 USD   
  Expenses:Taxes:Y2016:US:SocSec                   281.54 USD   
  Assets:US:Federal:PreTax401k                       0.00 IRAUSD
  Assets:US:Babble:Vacation                             5 VACHR 
  Income:US:Babble:Vacation                            -5 VACHR 

2016-10-06 * "Babble" "Payroll"
  Assets:US:BofA:Checking                         2550.60 USD   
  Income:US:Babble:Salary                        -4615.38 USD   
  Income:US:Babble:GroupTermLife                   -24.32 USD   
  Expenses:Health:Life:GroupTermLife                24.32 USD   
  Expenses:Health:Dental:Insurance                   2.90 USD   
  Expenses:Health:Medical:Insurance                 27.38 USD   
  Expenses:Health:Vision:Insurance                  42.30 USD   
  Expenses:Taxes:Y2016:US:Medicare                 106.62 USD   
  Expenses:Taxes:Y2016:US:Federal                 1062.92 USD   
  Expenses:Taxes:Y2016:US:State                    365.08 USD   
  Expenses:Taxes:Y2016:US:CityNYC                  174.92 USD   
  Expenses:Taxes:Y2016:US:SDI                        1.12 USD   
  Expenses:Taxes:Y2016:US:SocSec                   281.54 USD   
  Assets:US:Federal:PreTax401k                       0.00 IRAUSD
  Assets:US:Babble:Vacation                             5 VACHR 
  Income:US:Babble:Vacation                            -5 VACHR 

2016-10-20 * "Babble" "Payroll"
  Assets:US:BofA:Checking                         2550.60 USD   
  Income:US:Babble:Salary                        -4615.38 USD   
  Income:US:Babble:GroupTermLife                   -24.32 USD   
  Expenses:Health:Life:GroupTermLife                24.32 USD   
  Expenses:Health:Dental:Insurance                   2.90 USD   
  Expenses:Health:Medical:Insurance                 27.38 USD   
  Expenses:Health:Vision:Insurance                  42.30 USD   
  Expenses:Taxes:Y2016:US:Medicare                 106.62 USD   
  Expenses:Taxes:Y2016:US:Federal                 1062.92 USD   
  Expenses:Taxes:Y2016:US:State                    365.08 USD   
  Expenses:Taxes:Y2016:US:CityNYC                  174.92 USD   
  Expenses:Taxes:Y2016:US:SDI                        1.12 USD   
  Expenses:Taxes:Y2016:US:SocSec                   281.54 USD   
  Assets:US:Federal:PreTax401k                       0.00 IRAUSD
  Assets:US:Babble:Vacation                             5 VACHR 
  Income:US:Babble:Vacation                            -5 VACHR 

2016-11-03 * "Babble" "Payroll"
  Assets:US:BofA:Checking                         2550.60 USD   
  Income:US:Babble:Salary                        -4615.38 USD   
  Income:US:Babble:GroupTermLife                   -24.32 USD   
  Expenses:Health:Life:GroupTermLife                24.32 USD   
  Expenses:Health:Dental:Insurance                   2.90 USD   
  Expenses:Health:Medical:Insurance                 27.38 USD   
  Expenses:Health:Vision:Insurance                  42.30 USD   
  Expenses:Taxes:Y2016:US:Medicare                 106.62 USD   
  Expenses:Taxes:Y2016:US:Federal                 1062.92 USD   
  Expenses:Taxes:Y2016:US:State                    365.08 USD   
  Expenses:Taxes:Y2016:US:CityNYC                  174.92 USD   
  Expenses:Taxes:Y2016:US:SDI                        1.12 USD   
  Expenses:Taxes:Y2016:US:SocSec                   281.54 USD   
  Assets:US:Federal:PreTax401k                       0.00 IRAUSD
  Assets:US:Babble:Vacation                             5 VACHR 
  Income:US:Babble:Vacation                            -5 VACHR 

2016-11-17 * "Babble" "Payroll"
  Assets:US:BofA:Checking                         2550.60 USD   
  Income:US:Babble:Salary                        -4615.38 USD   
  Income:US:Babble:GroupTermLife                   -24.32 USD   
  Expenses:Health:Life:GroupTermLife                24.32 USD   
  Expenses:Health:Dental:Insurance                   2.90 USD   
  Expenses:Health:Medical:Insurance                 27.38 USD   
  Expenses:Health:Vision:Insurance                  42.30 USD   
  Expenses:Taxes:Y2016:US:Medicare                 106.62 USD   
  Expenses:Taxes:Y2016:US:Federal                 1062.92 USD   
  Expenses:Taxes:Y2016:US:State                    365.08 USD   
  Expenses:Taxes:Y2016:US:CityNYC                  174.92 USD   
  Expenses:Taxes:Y2016:US:SDI                        1.12 USD   
  Expenses:Taxes:Y2016:US:SocSec                   281.54 USD   
  Assets:US:Federal:PreTax401k                       0.00 IRAUSD
  Assets:US:Babble:Vacation                             5 VACHR 
  Income:US:Babble:Vacation                            -5 VACHR 

2016-12-01 * "Babble" "Payroll"
  Assets:US:BofA:Checking                         2550.60 USD   
  Income:US:Babble:Salary                        -4615.38 USD   
  Income:US:Babble:GroupTermLife                   -24.32 USD   
  Expenses:Health:Life:GroupTermLife                24.32 USD   
  Expenses:Health:Dental:Insurance                   2.90 USD   
  Expenses:Health:Medical:Insurance                 27.38 USD   
  Expenses:Health:Vision:Insurance                  42.30 USD   
  Expenses:Taxes:Y2016:US:Medicare                 106.62 USD   
  Expenses:Taxes:Y2016:US:Federal                 1062.92 USD   
  Expenses:Taxes:Y2016:US:State                    365.08 USD   
  Expenses:Taxes:Y2016:US:CityNYC                  174.92 USD   
  Expenses:Taxes:Y2016:US:SDI                        1.12 USD   
  Expenses:Taxes:Y2016:US:SocSec                   281.54 USD   
  Assets:US:Federal:PreTax401k                       0.00 IRAUSD
  Assets:US:Babble:Vacation                             5 VACHR 
  Income:US:Babble:Vacation                            -5 VACHR 

2016-12-15 * "Babble" "Payroll"
  Assets:US:BofA:Checking                         2589.06 USD   
  Income:US:Babble:Salary                        -4615.38 USD   
  Income:US:Babble:GroupTermLife                   -24.32 USD   
  Expenses:Health:Life:GroupTermLife                24.32 USD   
  Expenses:Health:Dental:Insurance                   2.90 USD   
  Expenses:Health:Medical:Insurance                 27.38 USD   
  Expenses:Health:Vision:Insurance                  42.30 USD   
  Expenses:Taxes:Y2016:US:Medicare                 106.62 USD   
  Expenses:Taxes:Y2016:US:Federal                 1062.92 USD   
  Expenses:Taxes:Y2016:US:State                    365.08 USD   
  Expenses:Taxes:Y2016:US:CityNYC                  174.92 USD   
  Expenses:Taxes:Y2016:US:SDI                        1.12 USD   
  Expenses:Taxes:Y2016:US:SocSec                   243.08 USD   
  Assets:US:Federal:PreTax401k                       0.00 IRAUSD
  Assets:US:Babble:Vacation                             5 VACHR 
  Income:US:Babble:Vacation                            -5 VACHR 

2016-12-29 * "Babble" "Payroll"
  Assets:US:BofA:Checking                         2832.14 USD   
  Income:US:Babble:Salary                        -4615.38 USD   
  Income:US:Babble:GroupTermLife                   -24.32 USD   
  Expenses:Health:Life:GroupTermLife                24.32 USD   
  Expenses:Health:Dental:Insurance                   2.90 USD   
  Expenses:Health:Medical:Insurance                 27.38 USD   
  Expenses:Health:Vision:Insurance                  42.30 USD   
  Expenses:Taxes:Y2016:US:Medicare                 106.62 USD   
  Expenses:Taxes:Y2016:US:Federal                 1062.92 USD   
  Expenses:Taxes:Y2016:US:State                    365.08 USD   
  Expenses:Taxes:Y2016:US:CityNYC                  174.92 USD   
  Expenses:Taxes:Y2016:US:SDI                        1.12 USD   
  Expenses:Taxes:Y2016:US:SocSec                     0.00 USD   
  Assets:US:Federal:PreTax401k                       0.00 IRAUSD
  Assets:US:Babble:Vacation                             5 VACHR 
  Income:US:Babble:Vacation                            -5 VACHR 

2017-01-12 * "Babble" "Payroll"
  Assets:US:BofA:Checking                         1350.60 USD   
  Assets:US:Vanguard:Cash                         1200.00 USD   
  Income:US:Babble:Salary                        -4615.38 USD   
  Income:US:Babble:GroupTermLife                   -24.32 USD   
  Expenses:Health:Life:GroupTermLife                24.32 USD   
  Expenses:Health:Dental:Insurance                   2.90 USD   
  Expenses:Health:Medical:Insurance                 27.38 USD   
  Expenses:Health:Vision:Insurance                  42.30 USD   
  Expenses:Taxes:Y2017:US:Medicare                 106.62 USD   
  Expenses:Taxes:Y2017:US:Federal                 1062.92 USD   
  Expenses:Taxes:Y2017:US:State                    365.08 USD   
  Expenses:Taxes:Y2017:US:CityNYC                  174.92 USD   
  Expenses:Taxes:Y2017:US:SDI                        1.12 USD   
  Expenses:Taxes:Y2017:US:SocSec                   281.54 USD   
  Assets:US:Federal:PreTax401k                   -1200.00 IRAUSD
  Expenses:Taxes:Y2017:US:Federal:PreTax401k      1200.00 IRAUSD
  Assets:US:Babble:Vacation                             5 VACHR 
  Income:US:Babble:Vacation                            -5 VACHR 

2017-01-26 * "Babble" "Payroll"
  Assets:US:BofA:Checking                         1350.60 USD   
  Assets:US:Vanguard:Cash                         1200.00 USD   
  Income:US:Babble:Salary                        -4615.38 USD   
  Income:US:Babble:GroupTermLife                   -24.32 USD   
  Expenses:Health:Life:GroupTermLife                24.32 USD   
  Expenses:Health:Dental:Insurance                   2.90 USD   
  Expenses:Health:Medical:Insurance                 27.38 USD   
  Expenses:Health:Vision:Insurance                  42.30 USD   
  Expenses:Taxes:Y2017:US:Medicare                 106.62 USD   
  Expenses:Taxes:Y2017:US:Federal                 1062.92 USD   
  Expenses:Taxes:Y2017:US:State                    365.08 USD   
  Expenses:Taxes:Y2017:US:CityNYC                  174.92 USD   
  Expenses:Taxes:Y2017:US:SDI                        1.12 USD   
  Expenses:Taxes:Y2017:US:SocSec                   281.54 USD   
  Assets:US:Federal:PreTax401k                   -1200.00 IRAUSD
  Expenses:Taxes:Y2017:US:Federal:PreTax401k      1200.00 IRAUSD
  Assets:US:Babble:Vacation                             5 VACHR 
  Income:US:Babble:Vacation                            -5 VACHR 

2017-02-09 * "Babble" "Payroll"
  Assets:US:BofA:Checking                         1350.60 USD   
  Assets:US:Vanguard:Cash                         1200.00 USD   
  Income:US:Babble:Salary                        -4615.38 USD   
  Income:US:Babble:GroupTermLife                   -24.32 USD   
  Expenses:Health:Life:GroupTermLife                24.32 USD   
  Expenses:Health:Dental:Insurance                   2.90 USD   
  Expenses:Health:Medical:Insurance                 27.38 USD   
  Expenses:Health:Vision:Insurance                  42.30 USD   
  Expenses:Taxes:Y2017:US:Medicare                 106.62 USD   
  Expenses:Taxes:Y2017:US:Federal                 1062.92 USD   
  Expenses:Taxes:Y2017:US:State                    365.08 USD   
  Expenses:Taxes:Y2017:US:CityNYC                  174.92 USD   
  Expenses:Taxes:Y2017:US:SDI                        1.12 USD   
  Expenses:Taxes:Y2017:US:SocSec                   281.54 USD   
  Assets:US:Federal:PreTax401k                   -1200.00 IRAUSD
  Expenses:Taxes:Y2017:US:Federal:PreTax401k      1200.00 IRAUSD
  Assets:US:Babble:Vacation                             5 VACHR 
  Income:US:Babble:Vacation                            -5 VACHR 

2017-02-23 * "Babble" "Payroll"
  Assets:US:BofA:Checking                         1350.60 USD   
  Assets:US:Vanguard:Cash                         1200.00 USD   
  Income:US:Babble:Salary                        -4615.38 USD   
  Income:US:Babble:GroupTermLife                   -24.32 USD   
  Expenses:Health:Life:GroupTermLife                24.32 USD   
  Expenses:Health:Dental:Insurance                   2.90 USD   
  Expenses:Health:Medical:Insurance                 27.38 USD   
  Expenses:Health:Vision:Insurance                  42.30 USD   
  Expenses:Taxes:Y2017:US:Medicare                 106.62 USD   
  Expenses:Taxes:Y2017:US:Federal                 1062.92 USD   
  Expenses:Taxes:Y2017:US:State                    365.08 USD   
  Expenses:Taxes:Y2017:US:CityNYC                  174.92 USD   
  Expenses:Taxes:Y2017:US:SDI                        1.12 USD   
  Expenses:Taxes:Y2017:US:SocSec                   281.54 USD   
  Assets:US:Federal:PreTax401k                   -1200.00 IRAUSD
  Expenses:Taxes:Y2017:US:Federal:PreTax401k      1200.00 IRAUSD
  Assets:US:Babble:Vacation                             5 VACHR 
  Income:US:Babble:Vacation                            -5 VACHR 

2017-03-09 * "Babble" "Payroll"
  Assets:US:BofA:Checking                         1350.60 USD   
  Assets:US:Vanguard:Cash                         1200.00 USD   
  Income:US:Babble:Salary                        -4615.38 USD   
  Income:US:Babble:GroupTermLife                   -24.32 USD   
  Expenses:Health:Life:GroupTermLife                24.32 USD   
  Expenses:Health:Dental:Insurance                   2.90 USD   
  Expenses:Health:Medical:Insurance                 27.38 USD   
  Expenses:Health:Vision:Insurance                  42.30 USD   
  Expenses:Taxes:Y2017:US:Medicare                 106.62 USD   
  Expenses:Taxes:Y2017:US:Federal                 1062.92 USD   
  Expenses:Taxes:Y2017:US:State                    365.08 USD   
  Expenses:Taxes:Y2017:US:CityNYC                  174.92 USD   
  Expenses:Taxes:Y2017:US:SDI                        1.12 USD   
  Expenses:Taxes:Y2017:US:SocSec                   281.54 USD   
  Assets:US:Federal:PreTax401k                   -1200.00 IRAUSD
  Expenses:Taxes:Y2017:US:Federal:PreTax401k      1200.00 IRAUSD
  Assets:US:Babble:Vacation                             5 VACHR 
  Income:US:Babble:Vacation                            -5 VACHR 

2017-03-23 * "Babble" "Payroll"
  Assets:US:BofA:Checking                         1350.60 USD   
  Assets:US:Vanguard:Cash                         1200.00 USD   
  Income:US:Babble:Salary                        -4615.38 USD   
  Income:US:Babble:GroupTermLife                   -24.32 USD   
  Expenses:Health:Life:GroupTermLife                24.32 USD   
  Expenses:Health:Dental:Insurance                   2.90 USD   
  Expenses:Health:Medical:Insurance                 27.38 USD   
  Expenses:Health:Vision:Insurance                  42.30 USD   
  Expenses:Taxes:Y2017:US:Medicare                 106.62 USD   
  Expenses:Taxes:Y2017:US:Federal                 1062.92 USD   
  Expenses:Taxes:Y2017:US:State                    365.08 USD   
  Expenses:Taxes:Y2017:US:CityNYC                  174.92 USD   
  Expenses:Taxes:Y2017:US:SDI                        1.12 USD   
  Expenses:Taxes:Y2017:US:SocSec                   281.54 USD   
  Assets:US:Federal:PreTax401k                   -1200.00 IRAUSD
  Expenses:Taxes:Y2017:US:Federal:PreTax401k      1200.00 IRAUSD
  Assets:US:Babble:Vacation                             5 VACHR 
  Income:US:Babble:Vacation                            -5 VACHR 

2017-04-06 * "Babble" "Payroll"
  Assets:US:BofA:Checking                         1350.60 USD   
  Assets:US:Vanguard:Cash                         1200.00 USD   
  Income:US:Babble:Salary                        -4615.38 USD   
  Income:US:Babble:GroupTermLife                   -24.32 USD   
  Expenses:Health:Life:GroupTermLife                24.32 USD   
  Expenses:Health:Dental:Insurance                   2.90 USD   
  Expenses:Health:Medical:Insurance                 27.38 USD   
  Expenses:Health:Vision:Insurance                  42.30 USD   
  Expenses:Taxes:Y2017:US:Medicare                 106.62 USD   
  Expenses:Taxes:Y2017:US:Federal                 1062.92 USD   
  Expenses:Taxes:Y2017:US:State                    365.08 USD   
  Expenses:Taxes:Y2017:US:CityNYC                  174.92 USD   
  Expenses:Taxes:Y2017:US:SDI                        1.12 USD   
  Expenses:Taxes:Y2017:US:SocSec                   281.54 USD   
  Assets:US:Federal:PreTax401k                   -1200.00 IRAUSD
  Expenses:Taxes:Y2017:US:Federal:PreTax401k      1200.00 IRAUSD
  Assets:US:Babble:Vacation                             5 VACHR 
  Income:US:Babble:Vacation                            -5 VACHR 

2017-04-20 * "Babble" "Payroll"
  Assets:US:BofA:Checking                         1350.60 USD   
  Assets:US:Vanguard:Cash                         1200.00 USD   
  Income:US:Babble:Salary                        -4615.38 USD   
  Income:US:Babble:GroupTermLife                   -24.32 USD   
  Expenses:Health:Life:GroupTermLife                24.32 USD   
  Expenses:Health:Dental:Insurance                   2.90 USD   
  Expenses:Health:Medical:Insurance                 27.38 USD   
  Expenses:Health:Vision:Insurance                  42.30 USD   
  Expenses:Taxes:Y2017:US:Medicare                 106.62 USD   
  Expenses:Taxes:Y2017:US:Federal                 1062.92 USD   
  Expenses:Taxes:Y2017:US:State                    365.08 USD   
  Expenses:Taxes:Y2017:US:CityNYC                  174.92 USD   
  Expenses:Taxes:Y2017:US:SDI                        1.12 USD   
  Expenses:Taxes:Y2017:US:SocSec                   281.54 USD   
  Assets:US:Federal:PreTax401k                   -1200.00 IRAUSD
  Expenses:Taxes:Y2017:US:Federal:PreTax401k      1200.00 IRAUSD
  Assets:US:Babble:Vacation                             5 VACHR 
  Income:US:Babble:Vacation                            -5 VACHR 

2017-05-04 * "Babble" "Payroll"
  Assets:US:BofA:Checking                         1350.60 USD   
  Assets:US:Vanguard:Cash                         1200.00 USD   
  Income:US:Babble:Salary                        -4615.38 USD   
  Income:US:Babble:GroupTermLife                   -24.32 USD   
  Expenses:Health:Life:GroupTermLife                24.32 USD   
  Expenses:Health:Dental:Insurance                   2.90 USD   
  Expenses:Health:Medical:Insurance                 27.38 USD   
  Expenses:Health:Vision:Insurance                  42.30 USD   
  Expenses:Taxes:Y2017:US:Medicare                 106.62 USD   
  Expenses:Taxes:Y2017:US:Federal                 1062.92 USD   
  Expenses:Taxes:Y2017:US:State                    365.08 USD   
  Expenses:Taxes:Y2017:US:CityNYC                  174.92 USD   
  Expenses:Taxes:Y2017:US:SDI                        1.12 USD   
  Expenses:Taxes:Y2017:US:SocSec                   281.54 USD   
  Assets:US:Federal:PreTax401k                   -1200.00 IRAUSD
  Expenses:Taxes:Y2017:US:Federal:PreTax401k      1200.00 IRAUSD
  Assets:US:Babble:Vacation                             5 VACHR 
  Income:US:Babble:Vacation                            -5 VACHR 

2017-05-18 * "Babble" "Payroll"
  Assets:US:BofA:Checking                         1350.60 USD   
  Assets:US:Vanguard:Cash                         1200.00 USD   
  Income:US:Babble:Salary                        -4615.38 USD   
  Income:US:Babble:GroupTermLife                   -24.32 USD   
  Expenses:Health:Life:GroupTermLife                24.32 USD   
  Expenses:Health:Dental:Insurance                   2.90 USD   
  Expenses:Health:Medical:Insurance                 27.38 USD   
  Expenses:Health:Vision:Insurance                  42.30 USD   
  Expenses:Taxes:Y2017:US:Medicare                 106.62 USD   
  Expenses:Taxes:Y2017:US:Federal                 1062.92 USD   
  Expenses:Taxes:Y2017:US:State                    365.08 USD   
  Expenses:Taxes:Y2017:US:CityNYC                  174.92 USD   
  Expenses:Taxes:Y2017:US:SDI                        1.12 USD   
  Expenses:Taxes:Y2017:US:SocSec                   281.54 USD   
  Assets:US:Federal:PreTax401k                   -1200.00 IRAUSD
  Expenses:Taxes:Y2017:US:Federal:PreTax401k      1200.00 IRAUSD
  Assets:US:Babble:Vacation                             5 VACHR 
  Income:US:Babble:Vacation                            -5 VACHR 

2017-06-01 * "Babble" "Payroll"
  Assets:US:BofA:Checking                         1350.60 USD   
  Assets:US:Vanguard:Cash                         1200.00 USD   
  Income:US:Babble:Salary                        -4615.38 USD   
  Income:US:Babble:GroupTermLife                   -24.32 USD   
  Expenses:Health:Life:GroupTermLife                24.32 USD   
  Expenses:Health:Dental:Insurance                   2.90 USD   
  Expenses:Health:Medical:Insurance                 27.38 USD   
  Expenses:Health:Vision:Insurance                  42.30 USD   
  Expenses:Taxes:Y2017:US:Medicare                 106.62 USD   
  Expenses:Taxes:Y2017:US:Federal                 1062.92 USD   
  Expenses:Taxes:Y2017:US:State                    365.08 USD   
  Expenses:Taxes:Y2017:US:CityNYC                  174.92 USD   
  Expenses:Taxes:Y2017:US:SDI                        1.12 USD   
  Expenses:Taxes:Y2017:US:SocSec                   281.54 USD   
  Assets:US:Federal:PreTax401k                   -1200.00 IRAUSD
  Expenses:Taxes:Y2017:US:Federal:PreTax401k      1200.00 IRAUSD
  Assets:US:Babble:Vacation                             5 VACHR 
  Income:US:Babble:Vacation                            -5 VACHR 

2017-06-15 * "Babble" "Payroll"
  Assets:US:BofA:Checking                         1350.60 USD   
  Assets:US:Vanguard:Cash                         1200.00 USD   
  Income:US:Babble:Salary                        -4615.38 USD   
  Income:US:Babble:GroupTermLife                   -24.32 USD   
  Expenses:Health:Life:GroupTermLife                24.32 USD   
  Expenses:Health:Dental:Insurance                   2.90 USD   
  Expenses:Health:Medical:Insurance                 27.38 USD   
  Expenses:Health:Vision:Insurance                  42.30 USD   
  Expenses:Taxes:Y2017:US:Medicare                 106.62 USD   
  Expenses:Taxes:Y2017:US:Federal                 1062.92 USD   
  Expenses:Taxes:Y2017:US:State                    365.08 USD   
  Expenses:Taxes:Y2017:US:CityNYC                  174.92 USD   
  Expenses:Taxes:Y2017:US:SDI                        1.12 USD   
  Expenses:Taxes:Y2017:US:SocSec                   281.54 USD   
  Assets:US:Federal:PreTax401k                   -1200.00 IRAUSD
  Expenses:Taxes:Y2017:US:Federal:PreTax401k      1200.00 IRAUSD
  Assets:US:Babble:Vacation                             5 VACHR 
  Income:US:Babble:Vacation                            -5 VACHR 

2017-06-29 * "Babble" "Payroll"
  Assets:US:BofA:Checking                         1350.60 USD   
  Assets:US:Vanguard:Cash                         1200.00 USD   
  Income:US:Babble:Salary                        -4615.38 USD   
  Income:US:Babble:GroupTermLife                   -24.32 USD   
  Expenses:Health:Life:GroupTermLife                24.32 USD   
  Expenses:Health:Dental:Insurance                   2.90 USD   
  Expenses:Health:Medical:Insurance                 27.38 USD   
  Expenses:Health:Vision:Insurance                  42.30 USD   
  Expenses:Taxes:Y2017:US:Medicare                 106.62 USD   
  Expenses:Taxes:Y2017:US:Federal                 1062.92 USD   
  Expenses:Taxes:Y2017:US:State                    365.08 USD   
  Expenses:Taxes:Y2017:US:CityNYC                  174.92 USD   
  Expenses:Taxes:Y2017:US:SDI                        1.12 USD   
  Expenses:Taxes:Y2017:US:SocSec                   281.54 USD   
  Assets:US:Federal:PreTax401k                   -1200.00 IRAUSD
  Expenses:Taxes:Y2017:US:Federal:PreTax401k      1200.00 IRAUSD
  Assets:US:Babble:Vacation                             5 VACHR 
  Income:US:Babble:Vacation                            -5 VACHR 

2017-07-13 * "Babble" "Payroll"
  Assets:US:BofA:Checking                         1350.60 USD   
  Assets:US:Vanguard:Cash                         1200.00 USD   
  Income:US:Babble:Salary                        -4615.38 USD   
  Income:US:Babble:GroupTermLife                   -24.32 USD   
  Expenses:Health:Life:GroupTermLife                24.32 USD   
  Expenses:Health:Dental:Insurance                   2.90 USD   
  Expenses:Health:Medical:Insurance                 27.38 USD   
  Expenses:Health:Vision:Insurance                  42.30 USD   
  Expenses:Taxes:Y2017:US:Medicare                 106.62 USD   
  Expenses:Taxes:Y2017:US:Federal                 1062.92 USD   
  Expenses:Taxes:Y2017:US:State                    365.08 USD   
  Expenses:Taxes:Y2017:US:CityNYC                  174.92 USD   
  Expenses:Taxes:Y2017:US:SDI                        1.12 USD   
  Expenses:Taxes:Y2017:US:SocSec                   281.54 USD   
  Assets:US:Federal:PreTax401k                   -1200.00 IRAUSD
  Expenses:Taxes:Y2017:US:Federal:PreTax401k      1200.00 IRAUSD
  Assets:US:Babble:Vacation                             5 VACHR 
  Income:US:Babble:Vacation                            -5 VACHR 

2017-07-27 * "Babble" "Payroll"
  Assets:US:BofA:Checking                         1350.60 USD   
  Assets:US:Vanguard:Cash                         1200.00 USD   
  Income:US:Babble:Salary                        -4615.38 USD   
  Income:US:Babble:GroupTermLife                   -24.32 USD   
  Expenses:Health:Life:GroupTermLife                24.32 USD   
  Expenses:Health:Dental:Insurance                   2.90 USD   
  Expenses:Health:Medical:Insurance                 27.38 USD   
  Expenses:Health:Vision:Insurance                  42.30 USD   
  Expenses:Taxes:Y2017:US:Medicare                 106.62 USD   
  Expenses:Taxes:Y2017:US:Federal                 1062.92 USD   
  Expenses:Taxes:Y2017:US:State                    365.08 USD   
  Expenses:Taxes:Y2017:US:CityNYC                  174.92 USD   
  Expenses:Taxes:Y2017:US:SDI                        1.12 USD   
  Expenses:Taxes:Y2017:US:SocSec                   281.54 USD   
  Assets:US:Federal:PreTax401k                   -1200.00 IRAUSD
  Expenses:Taxes:Y2017:US:Federal:PreTax401k      1200.00 IRAUSD
  Assets:US:Babble:Vacation                             5 VACHR 
  Income:US:Babble:Vacation                            -5 VACHR 

2017-08-10 * "Babble" "Payroll"
  Assets:US:BofA:Checking                         2050.60 USD   
  Assets:US:Vanguard:Cash                          500.00 USD   
  Income:US:Babble:Salary                        -4615.38 USD   
  Income:US:Babble:GroupTermLife                   -24.32 USD   
  Expenses:Health:Life:GroupTermLife                24.32 USD   
  Expenses:Health:Dental:Insurance                   2.90 USD   
  Expenses:Health:Medical:Insurance                 27.38 USD   
  Expenses:Health:Vision:Insurance                  42.30 USD   
  Expenses:Taxes:Y2017:US:Medicare                 106.62 USD   
  Expenses:Taxes:Y2017:US:Federal                 1062.92 USD   
  Expenses:Taxes:Y2017:US:State                    365.08 USD   
  Expenses:Taxes:Y2017:US:CityNYC                  174.92 USD   
  Expenses:Taxes:Y2017:US:SDI                        1.12 USD   
  Expenses:Taxes:Y2017:US:SocSec                   281.54 USD   
  Assets:US:Federal:PreTax401k                    -500.00 IRAUSD
  Expenses:Taxes:Y2017:US:Federal:PreTax401k       500.00 IRAUSD
  Assets:US:Babble:Vacation                             5 VACHR 
  Income:US:Babble:Vacation                            -5 VACHR 

2017-08-24 * "Babble" "Payroll"
  Assets:US:BofA:Checking                         2550.60 USD   
  Income:US:Babble:Salary                        -4615.38 USD   
  Income:US:Babble:GroupTermLife                   -24.32 USD   
  Expenses:Health:Life:GroupTermLife                24.32 USD   
  Expenses:Health:Dental:Insurance                   2.90 USD   
  Expenses:Health:Medical:Insurance                 27.38 USD   
  Expenses:Health:Vision:Insurance                  42.30 USD   
  Expenses:Taxes:Y2017:US:Medicare                 106.62 USD   
  Expenses:Taxes:Y2017:US:Federal                 1062.92 USD   
  Expenses:Taxes:Y2017:US:State                    365.08 USD   
  Expenses:Taxes:Y2017:US:CityNYC                  174.92 USD   
  Expenses:Taxes:Y2017:US:SDI                        1.12 USD   
  Expenses:Taxes:Y2017:US:SocSec                   281.54 USD   
  Assets:US:Federal:PreTax401k                       0.00 IRAUSD
  Assets:US:Babble:Vacation                             5 VACHR 
  Income:US:Babble:Vacation                            -5 VACHR 

2017-09-07 * "Babble" "Payroll"
  Assets:US:BofA:Checking                         2550.60 USD   
  Income:US:Babble:Salary                        -4615.38 USD   
  Income:US:Babble:GroupTermLife                   -24.32 USD   
  Expenses:Health:Life:GroupTermLife                24.32 USD   
  Expenses:Health:Dental:Insurance                   2.90 USD   
  Expenses:Health:Medical:Insurance                 27.38 USD   
  Expenses:Health:Vision:Insurance                  42.30 USD   
  Expenses:Taxes:Y2017:US:Medicare                 106.62 USD   
  Expenses:Taxes:Y2017:US:Federal                 1062.92 USD   
  Expenses:Taxes:Y2017:US:State                    365.08 USD   
  Expenses:Taxes:Y2017:US:CityNYC                  174.92 USD   
  Expenses:Taxes:Y2017:US:SDI                        1.12 USD   
  Expenses:Taxes:Y2017:US:SocSec                   281.54 USD   
  Assets:US:Federal:PreTax401k                       0.00 IRAUSD
  Assets:US:Babble:Vacation                             5 VACHR 
  Income:US:Babble:Vacation                            -5 VACHR 

2017-09-21 * "Babble" "Payroll"
  Assets:US:BofA:Checking                         2550.60 USD   
  Income:US:Babble:Salary                        -4615.38 USD   
  Income:US:Babble:GroupTermLife                   -24.32 USD   
  Expenses:Health:Life:GroupTermLife                24.32 USD   
  Expenses:Health:Dental:Insurance                   2.90 USD   
  Expenses:Health:Medical:Insurance                 27.38 USD   
  Expenses:Health:Vision:Insurance                  42.30 USD   
  Expenses:Taxes:Y2017:US:Medicare                 106.62 USD   
  Expenses:Taxes:Y2017:US:Federal                 1062.92 USD   
  Expenses:Taxes:Y2017:US:State                    365.08 USD   
  Expenses:Taxes:Y2017:US:CityNYC                  174.92 USD   
  Expenses:Taxes:Y2017:US:SDI                        1.12 USD   
  Expenses:Taxes:Y2017:US:SocSec                   281.54 USD   
  Assets:US:Federal:PreTax401k                       0.00 IRAUSD
  Assets:US:Babble:Vacation                             5 VACHR 
  Income:US:Babble:Vacation                            -5 VACHR 

2017-10-05 * "Babble" "Payroll"
  Assets:US:BofA:Checking                         2550.60 USD   
  Income:US:Babble:Salary                        -4615.38 USD   
  Income:US:Babble:GroupTermLife                   -24.32 USD   
  Expenses:Health:Life:GroupTermLife                24.32 USD   
  Expenses:Health:Dental:Insurance                   2.90 USD   
  Expenses:Health:Medical:Insurance                 27.38 USD   
  Expenses:Health:Vision:Insurance                  42.30 USD   
  Expenses:Taxes:Y2017:US:Medicare                 106.62 USD   
  Expenses:Taxes:Y2017:US:Federal                 1062.92 USD   
  Expenses:Taxes:Y2017:US:State                    365.08 USD   
  Expenses:Taxes:Y2017:US:CityNYC                  174.92 USD   
  Expenses:Taxes:Y2017:US:SDI                        1.12 USD   
  Expenses:Taxes:Y2017:US:SocSec                   281.54 USD   
  Assets:US:Federal:PreTax401k                       0.00 IRAUSD
  Assets:US:Babble:Vacation                             5 VACHR 
  Income:US:Babble:Vacation                            -5 VACHR 

2017-10-19 * "Babble" "Payroll"
  Assets:US:BofA:Checking                         2550.60 USD   
  Income:US:Babble:Salary                        -4615.38 USD   
  Income:US:Babble:GroupTermLife                   -24.32 USD   
  Expenses:Health:Life:GroupTermLife                24.32 USD   
  Expenses:Health:Dental:Insurance                   2.90 USD   
  Expenses:Health:Medical:Insurance                 27.38 USD   
  Expenses:Health:Vision:Insurance                  42.30 USD   
  Expenses:Taxes:Y2017:US:Medicare                 106.62 USD   
  Expenses:Taxes:Y2017:US:Federal                 1062.92 USD   
  Expenses:Taxes:Y2017:US:State                    365.08 USD   
  Expenses:Taxes:Y2017:US:CityNYC                  174.92 USD   
  Expenses:Taxes:Y2017:US:SDI                        1.12 USD   
  Expenses:Taxes:Y2017:US:SocSec                   281.54 USD   
  Assets:US:Federal:PreTax401k                       0.00 IRAUSD
  Assets:US:Babble:Vacation                             5 VACHR 
  Income:US:Babble:Vacation                            -5 VACHR 

2017-11-02 * "Babble" "Payroll"
  Assets:US:BofA:Checking                         2550.60 USD   
  Income:US:Babble:Salary                        -4615.38 USD   
  Income:US:Babble:GroupTermLife                   -24.32 USD   
  Expenses:Health:Life:GroupTermLife                24.32 USD   
  Expenses:Health:Dental:Insurance                   2.90 USD   
  Expenses:Health:Medical:Insurance                 27.38 USD   
  Expenses:Health:Vision:Insurance                  42.30 USD   
  Expenses:Taxes:Y2017:US:Medicare                 106.62 USD   
  Expenses:Taxes:Y2017:US:Federal                 1062.92 USD   
  Expenses:Taxes:Y2017:US:State                    365.08 USD   
  Expenses:Taxes:Y2017:US:CityNYC                  174.92 USD   
  Expenses:Taxes:Y2017:US:SDI                        1.12 USD   
  Expenses:Taxes:Y2017:US:SocSec                   281.54 USD   
  Assets:US:Federal:PreTax401k                       0.00 IRAUSD
  Assets:US:Babble:Vacation                             5 VACHR 
  Income:US:Babble:Vacation                            -5 VACHR 

2017-11-16 * "Babble" "Payroll"
  Assets:US:BofA:Checking                         2550.60 USD   
  Income:US:Babble:Salary                        -4615.38 USD   
  Income:US:Babble:GroupTermLife                   -24.32 USD   
  Expenses:Health:Life:GroupTermLife                24.32 USD   
  Expenses:Health:Dental:Insurance                   2.90 USD   
  Expenses:Health:Medical:Insurance                 27.38 USD   
  Expenses:Health:Vision:Insurance                  42.30 USD   
  Expenses:Taxes:Y2017:US:Medicare                 106.62 USD   
  Expenses:Taxes:Y2017:US:Federal                 1062.92 USD   
  Expenses:Taxes:Y2017:US:State                    365.08 USD   
  Expenses:Taxes:Y2017:US:CityNYC                  174.92 USD   
  Expenses:Taxes:Y2017:US:SDI                        1.12 USD   
  Expenses:Taxes:Y2017:US:SocSec                   281.54 USD   
  Assets:US:Federal:PreTax401k                       0.00 IRAUSD
  Assets:US:Babble:Vacation                             5 VACHR 
  Income:US:Babble:Vacation                            -5 VACHR 

2017-11-30 * "Babble" "Payroll"
  Assets:US:BofA:Checking                         2550.60 USD   
  Income:US:Babble:Salary                        -4615.38 USD   
  Income:US:Babble:GroupTermLife                   -24.32 USD   
  Expenses:Health:Life:GroupTermLife                24.32 USD   
  Expenses:Health:Dental:Insurance                   2.90 USD   
  Expenses:Health:Medical:Insurance                 27.38 USD   
  Expenses:Health:Vision:Insurance                  42.30 USD   
  Expenses:Taxes:Y2017:US:Medicare                 106.62 USD   
  Expenses:Taxes:Y2017:US:Federal                 1062.92 USD   
  Expenses:Taxes:Y2017:US:State                    365.08 USD   
  Expenses:Taxes:Y2017:US:CityNYC                  174.92 USD   
  Expenses:Taxes:Y2017:US:SDI                        1.12 USD   
  Expenses:Taxes:Y2017:US:SocSec                   281.54 USD   
  Assets:US:Federal:PreTax401k                       0.00 IRAUSD
  Assets:US:Babble:Vacation                             5 VACHR 
  Income:US:Babble:Vacation                            -5 VACHR 



* Taxes

1980-05-12 open Income:US:Federal:PreTax401k                    IRAUSD
1980-05-12 open Assets:US:Federal:PreTax401k                    IRAUSD



** Tax Year 2015

2015-01-01 open Expenses:Taxes:Y2015:US:Federal:PreTax401k      IRAUSD
2015-01-01 open Expenses:Taxes:Y2015:US:Medicare                USD
2015-01-01 open Expenses:Taxes:Y2015:US:Federal                 USD
2015-01-01 open Expenses:Taxes:Y2015:US:CityNYC                 USD
2015-01-01 open Expenses:Taxes:Y2015:US:SDI                     USD
2015-01-01 open Expenses:Taxes:Y2015:US:State                   USD
2015-01-01 open Expenses:Taxes:Y2015:US:SocSec                  USD

2015-01-01 balance Assets:US:Federal:PreTax401k         0 IRAUSD

2015-01-01 * "Allowed contributions for one year"
  Income:US:Federal:PreTax401k                     -18000 IRAUSD
  Assets:US:Federal:PreTax401k                      18000 IRAUSD

2016-03-20 * "Filing taxes for 2015"
  Expenses:Taxes:Y2015:US:Federal                  648.61 USD
  Expenses:Taxes:Y2015:US:State                    217.89 USD
  Liabilities:AccountsPayable                     -866.50 USD

2016-03-21 * "STATE TAX & FINANC PYMT"
  Assets:US:BofA:Checking                         -217.89 USD
  Liabilities:AccountsPayable                      217.89 USD

2016-03-22 * "FEDERAL TAXPYMT"
  Assets:US:BofA:Checking                         -648.61 USD
  Liabilities:AccountsPayable                      648.61 USD



** Tax Year 2016

2016-01-01 open Expenses:Taxes:Y2016:US:Federal:PreTax401k      IRAUSD
2016-01-01 open Expenses:Taxes:Y2016:US:Medicare                USD
2016-01-01 open Expenses:Taxes:Y2016:US:Federal                 USD
2016-01-01 open Expenses:Taxes:Y2016:US:CityNYC                 USD
2016-01-01 open Expenses:Taxes:Y2016:US:SDI                     USD
2016-01-01 open Expenses:Taxes:Y2016:US:State                   USD
2016-01-01 open Expenses:Taxes:Y2016:US:SocSec                  USD

2016-01-01 balance Assets:US:Federal:PreTax401k         0 IRAUSD

2016-01-01 * "Allowed contributions for one year"
  Income:US:Federal:PreTax401k                     -18000 IRAUSD
  Assets:US:Federal:PreTax401k                      18000 IRAUSD

2017-03-25 * "Filing taxes for 2016"
  Expenses:Taxes:Y2016:US:Federal                  544.68 USD
  Expenses:Taxes:Y2016:US:State                    326.35 USD
  Liabilities:AccountsPayable                     -871.03 USD

2017-03-28 * "STATE TAX & FINANC PYMT"
  Assets:US:BofA:Checking                         -326.35 USD
  Liabilities:AccountsPayable                      326.35 USD

2017-03-29 * "FEDERAL TAXPYMT"
  Assets:US:BofA:Checking                         -544.68 USD
  Liabilities:AccountsPayable                      544.68 USD



** Tax Year 2017

2017-01-01 open Expenses:Taxes:Y2017:US:Federal:PreTax401k      IRAUSD
2017-01-01 open Expenses:Taxes:Y2017:US:Medicare                USD
2017-01-01 open Expenses:Taxes:Y2017:US:Federal                 USD
2017-01-01 open Expenses:Taxes:Y2017:US:CityNYC                 USD
2017-01-01 open Expenses:Taxes:Y2017:US:SDI                     USD
2017-01-01 open Expenses:Taxes:Y2017:US:State                   USD
2017-01-01 open Expenses:Taxes:Y2017:US:SocSec                  USD

2017-01-01 balance Assets:US:Federal:PreTax401k         0 IRAUSD

2017-01-01 * "Allowed contributions for one year"
  Income:US:Federal:PreTax401k                     -18500 IRAUSD
  Assets:US:Federal:PreTax401k                      18500 IRAUSD



* Expenses

1980-05-12 open Expenses:Food:Groceries
1980-05-12 open Expenses:Food:Restaurant
1980-05-12 open Expenses:Food:Coffee
1980-05-12 open Expenses:Food:Alcohol
1980-05-12 open Expenses:Transport:Tram
1980-05-12 open Expenses:Home:Rent
1980-05-12 open Expenses:Home:Electricity
1980-05-12 open Expenses:Home:Internet
1980-05-12 open Expenses:Home:Phone
1980-05-12 open Expenses:Financial:Fees
1980-05-12 open Expenses:Financial:Commissions



* Prices

2015-01-02 price VBMPX                              86.82 USD
2015-01-02 price RGAGX                             103.14 USD
2015-01-02 price ITOT                              108.33 USD
2015-01-02 price VEA                                68.11 USD
2015-01-02 price VHT                               146.14 USD
2015-01-02 price GLD                                56.22 USD
2015-01-09 price VBMPX                              86.41 USD
2015-01-09 price RGAGX                             103.59 USD
2015-01-09 price ITOT                              108.76 USD
2015-01-09 price VEA                                67.26 USD
2015-01-09 price VHT                               145.41 USD
2015-01-09 price GLD                                56.07 USD
2015-01-16 price VBMPX                              84.17 USD
2015-01-16 price RGAGX                             103.63 USD
2015-01-16 price ITOT                              112.25 USD
2015-01-16 price VEA                                67.36 USD
2015-01-16 price VHT                               147.52 USD
2015-01-16 price GLD                                57.24 USD
2015-01-23 price VBMPX                              83.20 USD
2015-01-23 price RGAGX                             103.79 USD
2015-01-23 price ITOT                              111.95 USD
2015-01-23 price VEA                                66.47 USD
2015-01-23 price VHT                               145.89 USD
2015-01-23 price GLD                                59.41 USD
2015-01-30 price VBMPX                              81.66 USD
2015-01-30 price RGAGX                             105.15 USD
2015-01-30 price ITOT                              114.32 USD
2015-01-30 price VEA                                67.09 USD
2015-01-30 price VHT                               143.58 USD
2015-01-30 price GLD                                58.73 USD
2015-02-06 price VBMPX                              79.84 USD
2015-02-06 price RGAGX                             105.05 USD
2015-02-06 price ITOT                              115.06 USD
2015-02-06 price VEA                                67.71 USD
2015-02-06 price VHT                               146.07 USD
2015-02-06 price GLD                                60.82 USD
2015-02-13 price VBMPX                              79.59 USD
2015-02-13 price RGAGX                             105.20 USD
2015-02-13 price ITOT                              116.31 USD
2015-02-13 price VEA                                67.51 USD
2015-02-13 price VHT                               144.15 USD
2015-02-13 price GLD                                61.38 USD
2015-02-20 price VBMPX                              79.22 USD
2015-02-20 price RGAGX                             105.53 USD
2015-02-20 price ITOT                              115.75 USD
2015-02-20 price VEA                                67.56 USD
2015-02-20 price VHT                               145.40 USD
2015-02-20 price GLD                                63.08 USD
2015-02-27 price VBMPX                              77.97 USD
2015-02-27 price RGAGX                             105.59 USD
2015-02-27 price ITOT                              111.45 USD
2015-02-27 price VEA                                68.16 USD
2015-02-27 price VHT                               146.43 USD
2015-02-27 price GLD                                62.40 USD
2015-03-06 price VBMPX                              78.35 USD
2015-03-06 price RGAGX                             105.21 USD
2015-03-06 price ITOT                              110.42 USD
2015-03-06 price VEA                                68.16 USD
2015-03-06 price VHT                               146.83 USD
2015-03-06 price GLD                                62.18 USD
2015-03-13 price VBMPX                              77.62 USD
2015-03-13 price RGAGX                             105.32 USD
2015-03-13 price ITOT                              110.66 USD
2015-03-13 price VEA                                69.25 USD
2015-03-13 price VHT                               147.79 USD
2015-03-13 price GLD                                62.51 USD
2015-03-20 price VBMPX                              76.56 USD
2015-03-20 price RGAGX                             104.64 USD
2015-03-20 price ITOT                              109.08 USD
2015-03-20 price VEA                                69.10 USD
2015-03-20 price VHT                               145.47 USD
2015-03-20 price GLD                                62.73 USD
2015-03-27 price VBMPX                              79.34 USD
2015-03-27 price RGAGX                             104.44 USD
2015-03-27 price ITOT                              109.38 USD
2015-03-27 price VEA                                68.46 USD
2015-03-27 price VHT                               145.95 USD
2015-03-27 price GLD                                61.84 USD
2015-04-03 price VBMPX                              78.73 USD
2015-04-03 price RGAGX                             104.16 USD
2015-04-03 price ITOT                              110.88 USD
2015-04-03 price VEA                                68.34 USD
2015-04-03 price VHT                               146.21 USD
2015-04-03 price GLD                                62.11 USD
2015-04-10 price VBMPX                              80.05 USD
2015-04-10 price RGAGX                             104.78 USD
2015-04-10 price ITOT                              109.34 USD
2015-04-10 price VEA                                69.27 USD
2015-04-10 price VHT                               148.16 USD
2015-04-10 price GLD                                61.65 USD
2015-04-17 price VBMPX                              79.00 USD
2015-04-17 price RGAGX                             103.97 USD
2015-04-17 price ITOT                              114.76 USD
2015-04-17 price VEA                                68.62 USD
2015-04-17 price VHT                               146.50 USD
2015-04-17 price GLD                                62.02 USD
2015-04-24 price VBMPX                              77.93 USD
2015-04-24 price RGAGX                             105.12 USD
2015-04-24 price ITOT                              116.81 USD
2015-04-24 price VEA                                68.10 USD
2015-04-24 price VHT                               146.41 USD
2015-04-24 price GLD                                62.34 USD
2015-05-01 price VBMPX                              78.19 USD
2015-05-01 price RGAGX                             104.51 USD
2015-05-01 price ITOT                              119.68 USD
2015-05-01 price VEA                                68.08 USD
2015-05-01 price VHT                               147.11 USD
2015-05-01 price GLD                                61.41 USD
2015-05-08 price VBMPX                              77.22 USD
2015-05-08 price RGAGX                             105.56 USD
2015-05-08 price ITOT                              120.29 USD
2015-05-08 price VEA                                68.13 USD
2015-05-08 price VHT                               147.44 USD
2015-05-08 price GLD                                62.51 USD
2015-05-15 price VBMPX                              78.61 USD
2015-05-15 price RGAGX                             104.79 USD
2015-05-15 price ITOT                              122.25 USD
2015-05-15 price VEA                                67.77 USD
2015-05-15 price VHT                               147.11 USD
2015-05-15 price GLD                                64.08 USD
2015-05-22 price VBMPX                              77.09 USD
2015-05-22 price RGAGX                             104.96 USD
2015-05-22 price ITOT                              121.04 USD
2015-05-22 price VEA                                67.46 USD
2015-05-22 price VHT                               149.08 USD
2015-05-22 price GLD                                65.16 USD
2015-05-29 price VBMPX                              76.54 USD
2015-05-29 price RGAGX                             105.96 USD
2015-05-29 price ITOT                              120.24 USD
2015-05-29 price VEA                                67.70 USD
2015-05-29 price VHT                               151.63 USD
2015-05-29 price GLD                                64.35 USD
2015-06-05 price VBMPX                              76.60 USD
2015-06-05 price RGAGX                             105.78 USD
2015-06-05 price ITOT                              122.09 USD
2015-06-05 price VEA                                67.32 USD
2015-06-05 price VHT                               151.68 USD
2015-06-05 price GLD                                64.69 USD
2015-06-12 price VBMPX                              77.98 USD
2015-06-12 price RGAGX                             105.49 USD
2015-06-12 price ITOT                              123.86 USD
2015-06-12 price VEA                                67.20 USD
2015-06-12 price VHT                               151.61 USD
2015-06-12 price GLD                                65.71 USD
2015-06-19 price VBMPX                              78.87 USD
2015-06-19 price RGAGX                             105.02 USD
2015-06-19 price ITOT                              127.03 USD
2015-06-19 price VEA                                67.37 USD
2015-06-19 price VHT                               152.74 USD
2015-06-19 price GLD                                65.60 USD
2015-06-26 price VBMPX                              78.41 USD
2015-06-26 price RGAGX                             105.36 USD
2015-06-26 price ITOT                              127.95 USD
2015-06-26 price VEA                                67.17 USD
2015-06-26 price VHT                               151.89 USD
2015-06-26 price GLD                                66.32 USD
2015-07-03 price VBMPX                              79.95 USD
2015-07-03 price RGAGX                             105.32 USD
2015-07-03 price ITOT                              131.38 USD
2015-07-03 price VEA                                66.59 USD
2015-07-03 price VHT                               150.31 USD
2015-07-03 price GLD                                67.03 USD
2015-07-10 price VBMPX                              80.65 USD
2015-07-10 price RGAGX                             104.05 USD
2015-07-10 price ITOT                              131.39 USD
2015-07-10 price VEA                                66.07 USD
2015-07-10 price VHT                               150.64 USD
2015-07-10 price GLD                                67.15 USD
2015-07-17 price VBMPX                              81.73 USD
2015-07-17 price RGAGX                             104.53 USD
2015-07-17 price ITOT                              128.92 USD
2015-07-17 price VEA                                66.76 USD
2015-07-17 price VHT                               150.25 USD
2015-07-17 price GLD                                66.32 USD
2015-07-24 price VBMPX                              82.19 USD
2015-07-24 price RGAGX                             105.24 USD
2015-07-24 price ITOT                              127.86 USD
2015-07-24 price VEA                                66.98 USD
2015-07-24 price VHT                               150.86 USD
2015-07-24 price GLD                                67.36 USD
2015-07-31 price VBMPX                              82.72 USD
2015-07-31 price RGAGX                             105.60 USD
2015-07-31 price ITOT                              125.89 USD
2015-07-31 price VEA                                66.94 USD
2015-07-31 price VHT                               151.05 USD
2015-07-31 price GLD                                67.59 USD
2015-08-07 price VBMPX                              83.60 USD
2015-08-07 price RGAGX                             105.96 USD
2015-08-07 price ITOT                              125.08 USD
2015-08-07 price VEA                                67.08 USD
2015-08-07 price VHT                               153.61 USD
2015-08-07 price GLD                                68.48 USD
2015-08-14 price VBMPX                              82.84 USD
2015-08-14 price RGAGX                             107.79 USD
2015-08-14 price ITOT                              126.25 USD
2015-08-14 price VEA                                66.91 USD
2015-08-14 price VHT                               154.59 USD
2015-08-14 price GLD                                68.48 USD
2015-08-21 price VBMPX                              82.29 USD
2015-08-21 price RGAGX                             108.70 USD
2015-08-21 price ITOT                              124.36 USD
2015-08-21 price VEA                                67.15 USD
2015-08-21 price VHT                               154.36 USD
2015-08-21 price GLD                                66.95 USD
2015-08-28 price VBMPX                              82.84 USD
2015-08-28 price RGAGX                             109.19 USD
2015-08-28 price ITOT                              126.69 USD
2015-08-28 price VEA                                67.26 USD
2015-08-28 price VHT                               154.37 USD
2015-08-28 price GLD                                66.64 USD
2015-09-04 price VBMPX                              79.73 USD
2015-09-04 price RGAGX                             108.96 USD
2015-09-04 price ITOT                              126.90 USD
2015-09-04 price VEA                                68.36 USD
2015-09-04 price VHT                               154.93 USD
2015-09-04 price GLD                                67.05 USD
2015-09-11 price VBMPX                              79.80 USD
2015-09-11 price RGAGX                             109.86 USD
2015-09-11 price ITOT                              125.52 USD
2015-09-11 price VEA                                68.92 USD
2015-09-11 price VHT                               153.99 USD
2015-09-11 price GLD                                68.14 USD
2015-09-18 price VBMPX                              78.99 USD
2015-09-18 price RGAGX                             110.19 USD
2015-09-18 price ITOT                              124.01 USD
2015-09-18 price VEA                                69.06 USD
2015-09-18 price VHT                               156.58 USD
2015-09-18 price GLD                                68.32 USD
2015-09-25 price VBMPX                              78.77 USD
2015-09-25 price RGAGX                             110.48 USD
2015-09-25 price ITOT                              124.47 USD
2015-09-25 price VEA                                70.26 USD
2015-09-25 price VHT                               156.21 USD
2015-09-25 price GLD                                69.43 USD
2015-10-02 price VBMPX                              77.22 USD
2015-10-02 price RGAGX                             110.52 USD
2015-10-02 price ITOT                              127.62 USD
2015-10-02 price VEA                                71.06 USD
2015-10-02 price VHT                               156.44 USD
2015-10-02 price GLD                                70.51 USD
2015-10-09 price VBMPX                              76.78 USD
2015-10-09 price RGAGX                             110.81 USD
2015-10-09 price ITOT                              125.25 USD
2015-10-09 price VEA                                71.71 USD
2015-10-09 price VHT                               157.24 USD
2015-10-09 price GLD                                71.17 USD
2015-10-16 price VBMPX                              76.06 USD
2015-10-16 price RGAGX                             110.00 USD
2015-10-16 price ITOT                              123.52 USD
2015-10-16 price VEA                                71.73 USD
2015-10-16 price VHT                               158.66 USD
2015-10-16 price GLD                                71.95 USD
2015-10-23 price VBMPX                              77.24 USD
2015-10-23 price RGAGX                             109.12 USD
2015-10-23 price ITOT                              126.04 USD
2015-10-23 price VEA                                73.22 USD
2015-10-23 price VHT                               159.32 USD
2015-10-23 price GLD                                72.46 USD
2015-10-30 price VBMPX                              80.53 USD
2015-10-30 price RGAGX                             108.13 USD
2015-10-30 price ITOT                              127.01 USD
2015-10-30 price VEA                                72.86 USD
2015-10-30 price VHT                               159.42 USD
2015-10-30 price GLD                                73.05 USD
2015-11-06 price VBMPX                              80.58 USD
2015-11-06 price RGAGX                             108.36 USD
2015-11-06 price ITOT                              123.29 USD
2015-11-06 price VEA                                73.30 USD
2015-11-06 price VHT                               157.44 USD
2015-11-06 price GLD                                74.30 USD
2015-11-13 price VBMPX                              78.53 USD
2015-11-13 price RGAGX                             109.11 USD
2015-11-13 price ITOT                              122.65 USD
2015-11-13 price VEA                                73.20 USD
2015-11-13 price VHT                               158.51 USD
2015-11-13 price GLD                                75.13 USD
2015-11-20 price VBMPX                              77.15 USD
2015-11-20 price RGAGX                             108.84 USD
2015-11-20 price ITOT                              122.06 USD
2015-11-20 price VEA                                72.48 USD
2015-11-20 price VHT                               160.41 USD
2015-11-20 price GLD                                75.13 USD
2015-11-27 price VBMPX                              74.85 USD
2015-11-27 price RGAGX                             110.79 USD
2015-11-27 price ITOT                              120.26 USD
2015-11-27 price VEA                                72.52 USD
2015-11-27 price VHT                               162.01 USD
2015-11-27 price GLD                                74.69 USD
2015-12-04 price VBMPX                              76.42 USD
2015-12-04 price RGAGX                             111.61 USD
2015-12-04 price ITOT                              123.28 USD
2015-12-04 price VEA                                71.40 USD
2015-12-04 price VHT                               163.31 USD
2015-12-04 price GLD                                75.24 USD
2015-12-11 price VBMPX                              76.24 USD
2015-12-11 price RGAGX                             110.01 USD
2015-12-11 price ITOT                              126.08 USD
2015-12-11 price VEA                                71.37 USD
2015-12-11 price VHT                               161.38 USD
2015-12-11 price GLD                                75.77 USD
2015-12-18 price VBMPX                              75.95 USD
2015-12-18 price RGAGX                             110.45 USD
2015-12-18 price ITOT                              128.05 USD
2015-12-18 price VEA                                70.78 USD
2015-12-18 price VHT                               161.37 USD
2015-12-18 price GLD                                75.57 USD
2015-12-25 price VBMPX                              74.32 USD
2015-12-25 price RGAGX                             109.06 USD
2015-12-25 price ITOT                              127.80 USD
2015-12-25 price VEA                                71.89 USD
2015-12-25 price VHT                               161.81 USD
2015-12-25 price GLD                                77.04 USD
2016-01-01 price VBMPX                              75.03 USD
2016-01-01 price RGAGX                             109.52 USD
2016-01-01 price ITOT                              131.41 USD
2016-01-01 price VEA                                73.64 USD
2016-01-01 price VHT                               160.98 USD
2016-01-01 price GLD                                74.91 USD
2016-01-08 price VBMPX                              75.05 USD
2016-01-08 price RGAGX                             111.46 USD
2016-01-08 price ITOT                              134.03 USD
2016-01-08 price VEA                                72.72 USD
2016-01-08 price VHT                               161.96 USD
2016-01-08 price GLD                                75.68 USD
2016-01-15 price VBMPX                              73.28 USD
2016-01-15 price RGAGX                             111.37 USD
2016-01-15 price ITOT                              131.71 USD
2016-01-15 price VEA                                72.79 USD
2016-01-15 price VHT                               162.54 USD
2016-01-15 price GLD                                75.87 USD
2016-01-22 price VBMPX                              72.74 USD
2016-01-22 price RGAGX                             110.93 USD
2016-01-22 price ITOT                              128.10 USD
2016-01-22 price VEA                                72.09 USD
2016-01-22 price VHT                               162.79 USD
2016-01-22 price GLD                                78.70 USD
2016-01-29 price VBMPX                              70.20 USD
2016-01-29 price RGAGX                             111.30 USD
2016-01-29 price ITOT                              124.25 USD
2016-01-29 price VEA                                73.16 USD
2016-01-29 price VHT                               163.23 USD
2016-01-29 price GLD                                78.48 USD
2016-02-05 price VBMPX                              69.16 USD
2016-02-05 price RGAGX                             110.81 USD
2016-02-05 price ITOT                              128.74 USD
2016-02-05 price VEA                                72.90 USD
2016-02-05 price VHT                               164.02 USD
2016-02-05 price GLD                                79.52 USD
2016-02-12 price VBMPX                              69.35 USD
2016-02-12 price RGAGX                             110.77 USD
2016-02-12 price ITOT                              128.08 USD
2016-02-12 price VEA                                72.43 USD
2016-02-12 price VHT                               164.58 USD
2016-02-12 price GLD                                79.32 USD
2016-02-19 price VBMPX                              68.82 USD
2016-02-19 price RGAGX                             110.51 USD
2016-02-19 price ITOT                              128.97 USD
2016-02-19 price VEA                                72.40 USD
2016-02-19 price VHT                               164.57 USD
2016-02-19 price GLD                                79.68 USD
2016-02-26 price VBMPX                              66.04 USD
2016-02-26 price RGAGX                             111.28 USD
2016-02-26 price ITOT                              127.69 USD
2016-02-26 price VEA                                73.62 USD
2016-02-26 price VHT                               164.54 USD
2016-02-26 price GLD                                80.36 USD
2016-03-04 price VBMPX                              64.40 USD
2016-03-04 price RGAGX                             112.70 USD
2016-03-04 price ITOT                              132.59 USD
2016-03-04 price VEA                                73.53 USD
2016-03-04 price VHT                               163.20 USD
2016-03-04 price GLD                                80.22 USD
2016-03-11 price VBMPX                              64.58 USD
2016-03-11 price RGAGX                             113.49 USD
2016-03-11 price ITOT                              131.77 USD
2016-03-11 price VEA                                74.55 USD
2016-03-11 price VHT                               163.49 USD
2016-03-11 price GLD                                80.60 USD
2016-03-18 price VBMPX                              63.54 USD
2016-03-18 price RGAGX                             113.53 USD
2016-03-18 price ITOT                              132.68 USD
2016-03-18 price VEA                                74.62 USD
2016-03-18 price VHT                               162.81 USD
2016-03-18 price GLD                                81.96 USD
2016-03-25 price VBMPX                              65.22 USD
2016-03-25 price RGAGX                             112.32 USD
2016-03-25 price ITOT                              133.09 USD
2016-03-25 price VEA                                75.28 USD
2016-03-25 price VHT                               162.38 USD
2016-03-25 price GLD                                84.83 USD
2016-04-01 price VBMPX                              66.05 USD
2016-04-01 price RGAGX                             112.94 USD
2016-04-01 price ITOT                              133.23 USD
2016-04-01 price VEA                                74.81 USD
2016-04-01 price VHT                               164.33 USD
2016-04-01 price GLD                                83.44 USD
2016-04-08 price VBMPX                              66.02 USD
2016-04-08 price RGAGX                             112.01 USD
2016-04-08 price ITOT                              133.45 USD
2016-04-08 price VEA                                76.13 USD
2016-04-08 price VHT                               162.92 USD
2016-04-08 price GLD                                80.78 USD
2016-04-15 price VBMPX                              68.71 USD
2016-04-15 price RGAGX                             111.81 USD
2016-04-15 price ITOT                              133.78 USD
2016-04-15 price VEA                                76.67 USD
2016-04-15 price VHT                               163.50 USD
2016-04-15 price GLD                                81.38 USD
2016-04-22 price VBMPX                              68.87 USD
2016-04-22 price RGAGX                             112.84 USD
2016-04-22 price ITOT                              133.35 USD
2016-04-22 price VEA                                76.68 USD
2016-04-22 price VHT                               162.90 USD
2016-04-22 price GLD                                81.64 USD
2016-04-29 price VBMPX                              68.19 USD
2016-04-29 price RGAGX                             113.27 USD
2016-04-29 price ITOT                              134.78 USD
2016-04-29 price VEA                                75.82 USD
2016-04-29 price VHT                               162.83 USD
2016-04-29 price GLD                                81.62 USD
2016-05-06 price VBMPX                              67.41 USD
2016-05-06 price RGAGX                             114.29 USD
2016-05-06 price ITOT                              136.20 USD
2016-05-06 price VEA                                76.34 USD
2016-05-06 price VHT                               161.67 USD
2016-05-06 price GLD                                80.91 USD
2016-05-13 price VBMPX                              64.01 USD
2016-05-13 price RGAGX                             113.34 USD
2016-05-13 price ITOT                              141.44 USD
2016-05-13 price VEA                                77.00 USD
2016-05-13 price VHT                               161.97 USD
2016-05-13 price GLD                                81.79 USD
2016-05-20 price VBMPX                              62.42 USD
2016-05-20 price RGAGX                             113.67 USD
2016-05-20 price ITOT                              143.71 USD
2016-05-20 price VEA                                77.23 USD
2016-05-20 price VHT                               164.64 USD
2016-05-20 price GLD                                83.35 USD
2016-05-27 price VBMPX                              63.72 USD
2016-05-27 price RGAGX                             113.05 USD
2016-05-27 price ITOT                              140.86 USD
2016-05-27 price VEA                                77.35 USD
2016-05-27 price VHT                               165.66 USD
2016-05-27 price GLD                                81.51 USD
2016-06-03 price VBMPX                              64.86 USD
2016-06-03 price RGAGX                             113.69 USD
2016-06-03 price ITOT                              140.21 USD
2016-06-03 price VEA                                77.58 USD
2016-06-03 price VHT                               166.33 USD
2016-06-03 price GLD                                82.54 USD
2016-06-10 price VBMPX                              62.15 USD
2016-06-10 price RGAGX                             113.76 USD
2016-06-10 price ITOT                              140.36 USD
2016-06-10 price VEA                                77.74 USD
2016-06-10 price VHT                               165.23 USD
2016-06-10 price GLD                                81.06 USD
2016-06-17 price VBMPX                              61.70 USD
2016-06-17 price RGAGX                             113.10 USD
2016-06-17 price ITOT                              149.03 USD
2016-06-17 price VEA                                77.52 USD
2016-06-17 price VHT                               167.87 USD
2016-06-17 price GLD                                83.27 USD
2016-06-24 price VBMPX                              61.60 USD
2016-06-24 price RGAGX                             113.24 USD
2016-06-24 price ITOT                              148.63 USD
2016-06-24 price VEA                                77.22 USD
2016-06-24 price VHT                               166.78 USD
2016-06-24 price GLD                                84.05 USD
2016-07-01 price VBMPX                              60.46 USD
2016-07-01 price RGAGX                             114.59 USD
2016-07-01 price ITOT                              149.26 USD
2016-07-01 price VEA                                77.30 USD
2016-07-01 price VHT                               166.59 USD
2016-07-01 price GLD                                83.44 USD
2016-07-08 price VBMPX                              60.61 USD
2016-07-08 price RGAGX                             115.31 USD
2016-07-08 price ITOT                              146.06 USD
2016-07-08 price VEA                                77.70 USD
2016-07-08 price VHT                               165.93 USD
2016-07-08 price GLD                                83.23 USD
2016-07-15 price VBMPX                              61.71 USD
2016-07-15 price RGAGX                             116.10 USD
2016-07-15 price ITOT                              143.67 USD
2016-07-15 price VEA                                77.80 USD
2016-07-15 price VHT                               165.99 USD
2016-07-15 price GLD                                82.84 USD
2016-07-22 price VBMPX                              61.49 USD
2016-07-22 price RGAGX                             115.40 USD
2016-07-22 price ITOT                              141.76 USD
2016-07-22 price VEA                                77.94 USD
2016-07-22 price VHT                               167.18 USD
2016-07-22 price GLD                                84.94 USD
2016-07-29 price VBMPX                              61.07 USD
2016-07-29 price RGAGX                             116.03 USD
2016-07-29 price ITOT                              137.29 USD
2016-07-29 price VEA                                77.10 USD
2016-07-29 price VHT                               168.18 USD
2016-07-29 price GLD                                84.71 USD
2016-08-05 price VBMPX                              61.34 USD
2016-08-05 price RGAGX                             116.80 USD
2016-08-05 price ITOT                              139.50 USD
2016-08-05 price VEA                                77.02 USD
2016-08-05 price VHT                               170.35 USD
2016-08-05 price GLD                                84.67 USD
2016-08-12 price VBMPX                              60.74 USD
2016-08-12 price RGAGX                             116.91 USD
2016-08-12 price ITOT                              134.24 USD
2016-08-12 price VEA                                77.40 USD
2016-08-12 price VHT                               170.08 USD
2016-08-12 price GLD                                85.29 USD
2016-08-19 price VBMPX                              59.38 USD
2016-08-19 price RGAGX                             116.73 USD
2016-08-19 price ITOT                              134.73 USD
2016-08-19 price VEA                                76.43 USD
2016-08-19 price VHT                               170.39 USD
2016-08-19 price GLD                                82.64 USD
2016-08-26 price VBMPX                              60.68 USD
2016-08-26 price RGAGX                             115.98 USD
2016-08-26 price ITOT                              134.89 USD
2016-08-26 price VEA                                76.77 USD
2016-08-26 price VHT                               170.95 USD
2016-08-26 price GLD                                82.65 USD
2016-09-02 price VBMPX                              59.40 USD
2016-09-02 price RGAGX                             117.77 USD
2016-09-02 price ITOT                              136.89 USD
2016-09-02 price VEA                                77.74 USD
2016-09-02 price VHT                               170.99 USD
2016-09-02 price GLD                                82.59 USD
2016-09-09 price VBMPX                              59.86 USD
2016-09-09 price RGAGX                             118.11 USD
2016-09-09 price ITOT                              133.76 USD
2016-09-09 price VEA                                77.22 USD
2016-09-09 price VHT                               172.22 USD
2016-09-09 price GLD                                82.54 USD
2016-09-16 price VBMPX                              60.26 USD
2016-09-16 price RGAGX                             117.70 USD
2016-09-16 price ITOT                              131.43 USD
2016-09-16 price VEA                                78.31 USD
2016-09-16 price VHT                               171.83 USD
2016-09-16 price GLD                                80.56 USD
2016-09-23 price VBMPX                              59.41 USD
2016-09-23 price RGAGX                             117.50 USD
2016-09-23 price ITOT                              130.74 USD
2016-09-23 price VEA                                78.65 USD
2016-09-23 price VHT                               170.37 USD
2016-09-23 price GLD                                78.48 USD
2016-09-30 price VBMPX                              59.13 USD
2016-09-30 price RGAGX                             115.84 USD
2016-09-30 price ITOT                              131.82 USD
2016-09-30 price VEA                                78.71 USD
2016-09-30 price VHT                               171.76 USD
2016-09-30 price GLD                                77.76 USD
2016-10-07 price VBMPX                              59.16 USD
2016-10-07 price RGAGX                             116.60 USD
2016-10-07 price ITOT                              131.72 USD
2016-10-07 price VEA                                78.18 USD
2016-10-07 price VHT                               172.11 USD
2016-10-07 price GLD                                78.56 USD
2016-10-14 price VBMPX                              59.77 USD
2016-10-14 price RGAGX                             116.09 USD
2016-10-14 price ITOT                              129.06 USD
2016-10-14 price VEA                                77.05 USD
2016-10-14 price VHT                               172.58 USD
2016-10-14 price GLD                                77.82 USD
2016-10-21 price VBMPX                              61.72 USD
2016-10-21 price RGAGX                             116.65 USD
2016-10-21 price ITOT                              125.00 USD
2016-10-21 price VEA                                77.26 USD
2016-10-21 price VHT                               172.09 USD
2016-10-21 price GLD                                77.15 USD
2016-10-28 price VBMPX                              63.81 USD
2016-10-28 price RGAGX                             116.00 USD
2016-10-28 price ITOT                              119.19 USD
2016-10-28 price VEA                                77.80 USD
2016-10-28 price VHT                               172.35 USD
2016-10-28 price GLD                                79.38 USD
2016-11-04 price VBMPX                              63.46 USD
2016-11-04 price RGAGX                             115.88 USD
2016-11-04 price ITOT                              120.18 USD
2016-11-04 price VEA                                77.02 USD
2016-11-04 price VHT                               171.66 USD
2016-11-04 price GLD                                79.93 USD
2016-11-11 price VBMPX                              62.81 USD
2016-11-11 price RGAGX                             115.14 USD
2016-11-11 price ITOT                              117.70 USD
2016-11-11 price VEA                                76.98 USD
2016-11-11 price VHT                               170.87 USD
2016-11-11 price GLD                                80.08 USD
2016-11-18 price VBMPX                              65.16 USD
2016-11-18 price RGAGX                             114.88 USD
2016-11-18 price ITOT                              120.82 USD
2016-11-18 price VEA                                76.30 USD
2016-11-18 price VHT                               169.89 USD
2016-11-18 price GLD                                81.23 USD
2016-11-25 price VBMPX                              65.10 USD
2016-11-25 price RGAGX                             115.69 USD
2016-11-25 price ITOT                              117.99 USD
2016-11-25 price VEA                                76.65 USD
2016-11-25 price VHT                               170.87 USD
2016-11-25 price GLD                                80.64 USD
2016-12-02 price VBMPX                              65.59 USD
2016-12-02 price RGAGX                             115.63 USD
2016-12-02 price ITOT                              120.03 USD
2016-12-02 price VEA                                76.73 USD
2016-12-02 price VHT                               171.95 USD
2016-12-02 price GLD                                79.94 USD
2016-12-09 price VBMPX                              64.83 USD
2016-12-09 price RGAGX                             116.08 USD
2016-12-09 price ITOT                              121.53 USD
2016-12-09 price VEA                                77.55 USD
2016-12-09 price VHT                               171.37 USD
2016-12-09 price GLD                                81.05 USD
2016-12-16 price VBMPX                              66.37 USD
2016-12-16 price RGAGX                             116.33 USD
2016-12-16 price ITOT                              122.08 USD
2016-12-16 price VEA                                78.25 USD
2016-12-16 price VHT                               169.95 USD
2016-12-16 price GLD                                82.74 USD
2016-12-23 price VBMPX                              67.38 USD
2016-12-23 price RGAGX                             116.62 USD
2016-12-23 price ITOT                              122.64 USD
2016-12-23 price VEA                                78.80 USD
2016-12-23 price VHT                               171.15 USD
2016-12-23 price GLD                                83.12 USD
2016-12-30 price VBMPX                              68.74 USD
2016-12-30 price RGAGX                             115.90 USD
2016-12-30 price ITOT                              124.36 USD
2016-12-30 price VEA                                79.21 USD
2016-12-30 price VHT                               171.50 USD
2016-12-30 price GLD                                84.12 USD
2017-01-06 price VBMPX                              70.57 USD
2017-01-06 price RGAGX                             115.79 USD
2017-01-06 price ITOT                              126.35 USD
2017-01-06 price VEA                                80.21 USD
2017-01-06 price VHT                               171.21 USD
2017-01-06 price GLD                                84.89 USD
2017-01-13 price VBMPX                              71.10 USD
2017-01-13 price RGAGX                             115.80 USD
2017-01-13 price ITOT                              128.38 USD
2017-01-13 price VEA                                80.22 USD
2017-01-13 price VHT                               172.08 USD
2017-01-13 price GLD                                84.79 USD
2017-01-20 price VBMPX                              71.77 USD
2017-01-20 price RGAGX                             116.09 USD
2017-01-20 price ITOT                              130.37 USD
2017-01-20 price VEA                                80.29 USD
2017-01-20 price VHT                               172.84 USD
2017-01-20 price GLD                                86.63 USD
2017-01-27 price VBMPX                              71.95 USD
2017-01-27 price RGAGX                             116.13 USD
2017-01-27 price ITOT                              136.39 USD
2017-01-27 price VEA                                80.98 USD
2017-01-27 price VHT                               173.75 USD
2017-01-27 price GLD                                87.84 USD
2017-02-03 price VBMPX                              73.23 USD
2017-02-03 price RGAGX                             115.97 USD
2017-02-03 price ITOT                              138.70 USD
2017-02-03 price VEA                                81.63 USD
2017-02-03 price VHT                               173.08 USD
2017-02-03 price GLD                                89.60 USD
2017-02-10 price VBMPX                              75.81 USD
2017-02-10 price RGAGX                             115.48 USD
2017-02-10 price ITOT                              137.47 USD
2017-02-10 price VEA                                82.49 USD
2017-02-10 price VHT                               173.38 USD
2017-02-10 price GLD                                88.09 USD
2017-02-17 price VBMPX                              75.14 USD
2017-02-17 price RGAGX                             116.95 USD
2017-02-17 price ITOT                              138.86 USD
2017-02-17 price VEA                                82.09 USD
2017-02-17 price VHT                               170.99 USD
2017-02-17 price GLD                                88.01 USD
2017-02-24 price VBMPX                              76.93 USD
2017-02-24 price RGAGX                             116.70 USD
2017-02-24 price ITOT                              138.03 USD
2017-02-24 price VEA                                80.98 USD
2017-02-24 price VHT                               171.78 USD
2017-02-24 price GLD                                88.29 USD
2017-03-03 price VBMPX                              78.54 USD
2017-03-03 price RGAGX                             117.29 USD
2017-03-03 price ITOT                              136.18 USD
2017-03-03 price VEA                                80.96 USD
2017-03-03 price VHT                               170.01 USD
2017-03-03 price GLD                                89.26 USD
2017-03-10 price VBMPX                              77.19 USD
2017-03-10 price RGAGX                             118.40 USD
2017-03-10 price ITOT                              137.10 USD
2017-03-10 price VEA                                81.91 USD
2017-03-10 price VHT                               171.63 USD
2017-03-10 price GLD                                87.84 USD
2017-03-17 price VBMPX                              78.44 USD
2017-03-17 price RGAGX                             118.48 USD
2017-03-17 price ITOT                              133.01 USD
2017-03-17 price VEA                                80.99 USD
2017-03-17 price VHT                               171.35 USD
2017-03-17 price GLD                                88.22 USD
2017-03-24 price VBMPX                              80.90 USD
2017-03-24 price RGAGX                             117.69 USD
2017-03-24 price ITOT                              133.77 USD
2017-03-24 price VEA                                80.30 USD
2017-03-24 price VHT                               171.61 USD
2017-03-24 price GLD                                89.07 USD
2017-03-31 price VBMPX                              79.98 USD
2017-03-31 price RGAGX                             116.03 USD
2017-03-31 price ITOT                              136.39 USD
2017-03-31 price VEA                                80.25 USD
2017-03-31 price VHT                               174.71 USD
2017-03-31 price GLD                                89.11 USD
2017-04-07 price VBMPX                              82.28 USD
2017-04-07 price RGAGX                             117.45 USD
2017-04-07 price ITOT                              134.90 USD
2017-04-07 price VEA                                81.28 USD
2017-04-07 price VHT                               172.14 USD
2017-04-07 price GLD                                87.93 USD
2017-04-14 price VBMPX                              82.05 USD
2017-04-14 price RGAGX                             116.90 USD
2017-04-14 price ITOT                              138.52 USD
2017-04-14 price VEA                                81.14 USD
2017-04-14 price VHT                               172.65 USD
2017-04-14 price GLD                                88.66 USD
2017-04-21 price VBMPX                              81.94 USD
2017-04-21 price RGAGX                             117.93 USD
2017-04-21 price ITOT                              137.65 USD
2017-04-21 price VEA                                80.44 USD
2017-04-21 price VHT                               173.10 USD
2017-04-21 price GLD                                89.39 USD
2017-04-28 price VBMPX                              80.29 USD
2017-04-28 price RGAGX                             116.92 USD
2017-04-28 price ITOT                              135.96 USD
2017-04-28 price VEA                                80.36 USD
2017-04-28 price VHT                               174.32 USD
2017-04-28 price GLD                                88.52 USD
2017-05-05 price VBMPX                              78.39 USD
2017-05-05 price RGAGX                             117.93 USD
2017-05-05 price ITOT                              137.19 USD
2017-05-05 price VEA                                80.63 USD
2017-05-05 price VHT                               173.67 USD
2017-05-05 price GLD                                88.19 USD
2017-05-12 price VBMPX                              78.95 USD
2017-05-12 price RGAGX                             117.91 USD
2017-05-12 price ITOT                              139.84 USD
2017-05-12 price VEA                                80.17 USD
2017-05-12 price VHT                               173.38 USD
2017-05-12 price GLD                                89.10 USD
2017-05-19 price VBMPX                              79.53 USD
2017-05-19 price RGAGX                             119.16 USD
2017-05-19 price ITOT                              139.22 USD
2017-05-19 price VEA                                80.48 USD
2017-05-19 price VHT                               173.57 USD
2017-05-19 price GLD                                88.90 USD
2017-05-26 price VBMPX                              78.47 USD
2017-05-26 price RGAGX                             118.70 USD
2017-05-26 price ITOT                              140.74 USD
2017-05-26 price VEA                                81.75 USD
2017-05-26 price VHT                               173.73 USD
2017-05-26 price GLD                                87.34 USD
2017-06-02 price VBMPX                              75.77 USD
2017-06-02 price RGAGX                             118.54 USD
2017-06-02 price ITOT                              137.56 USD
2017-06-02 price VEA                                82.82 USD
2017-06-02 price VHT                               176.92 USD
2017-06-02 price GLD                                86.48 USD
2017-06-09 price VBMPX                              78.93 USD
2017-06-09 price RGAGX                             120.02 USD
2017-06-09 price ITOT                              139.13 USD
2017-06-09 price VEA                                83.29 USD
2017-06-09 price VHT                               178.34 USD
2017-06-09 price GLD                                86.91 USD
2017-06-16 price VBMPX                              81.30 USD
2017-06-16 price RGAGX                             120.37 USD
2017-06-16 price ITOT                              132.24 USD
2017-06-16 price VEA                                83.48 USD
2017-06-16 price VHT                               179.01 USD
2017-06-16 price GLD                                88.54 USD
2017-06-23 price VBMPX                              81.20 USD
2017-06-23 price RGAGX                             119.72 USD
2017-06-23 price ITOT                              132.29 USD
2017-06-23 price VEA                                83.89 USD
2017-06-23 price VHT                               178.69 USD
2017-06-23 price GLD                                86.54 USD
2017-06-30 price VBMPX                              81.65 USD
2017-06-30 price RGAGX                             119.65 USD
2017-06-30 price ITOT                              130.44 USD
2017-06-30 price VEA                                84.17 USD
2017-06-30 price VHT                               178.63 USD
2017-06-30 price GLD                                86.62 USD
2017-07-07 price VBMPX                              81.88 USD
2017-07-07 price RGAGX                             119.34 USD
2017-07-07 price ITOT                              130.83 USD
2017-07-07 price VEA                                83.84 USD
2017-07-07 price VHT                               178.32 USD
2017-07-07 price GLD                                87.72 USD
2017-07-14 price VBMPX                              81.43 USD
2017-07-14 price RGAGX                             118.43 USD
2017-07-14 price ITOT                              131.68 USD
2017-07-14 price VEA                                82.99 USD
2017-07-14 price VHT                               177.96 USD
2017-07-14 price GLD                                87.86 USD
2017-07-21 price VBMPX                              84.11 USD
2017-07-21 price RGAGX                             118.89 USD
2017-07-21 price ITOT                              135.76 USD
2017-07-21 price VEA                                83.67 USD
2017-07-21 price VHT                               178.67 USD
2017-07-21 price GLD                                88.02 USD
2017-07-28 price VBMPX                              85.79 USD
2017-07-28 price RGAGX                             120.40 USD
2017-07-28 price ITOT                              132.77 USD
2017-07-28 price VEA                                84.02 USD
2017-07-28 price VHT                               178.98 USD
2017-07-28 price GLD                                89.84 USD
2017-08-04 price VBMPX                              89.18 USD
2017-08-04 price RGAGX                             120.66 USD
2017-08-04 price ITOT                              129.14 USD
2017-08-04 price VEA                                85.26 USD
2017-08-04 price VHT                               181.61 USD
2017-08-04 price GLD                                93.45 USD
2017-08-11 price VBMPX                              91.36 USD
2017-08-11 price RGAGX                             120.88 USD
2017-08-11 price ITOT                              128.18 USD
2017-08-11 price VEA                                85.72 USD
2017-08-11 price VHT                               185.19 USD
2017-08-11 price GLD                                90.06 USD
2017-08-18 price VBMPX                              91.67 USD
2017-08-18 price RGAGX                             120.95 USD
2017-08-18 price ITOT                              129.66 USD
2017-08-18 price VEA                                85.84 USD
2017-08-18 price VHT                               186.73 USD
2017-08-18 price GLD                                88.71 USD
2017-08-25 price VBMPX                              92.29 USD
2017-08-25 price RGAGX                             121.01 USD
2017-08-25 price ITOT                              130.52 USD
2017-08-25 price VEA                                86.29 USD
2017-08-25 price VHT                               186.69 USD
2017-08-25 price GLD                                90.67 USD
2017-09-01 price VBMPX                              92.66 USD
2017-09-01 price RGAGX                             119.87 USD
2017-09-01 price ITOT                              131.34 USD
2017-09-01 price VEA                                86.07 USD
2017-09-01 price VHT                               187.88 USD
2017-09-01 price GLD                                90.34 USD
2017-09-08 price VBMPX                              94.49 USD
2017-09-08 price RGAGX                             119.28 USD
2017-09-08 price ITOT                              134.34 USD
2017-09-08 price VEA                                86.72 USD
2017-09-08 price VHT                               187.20 USD
2017-09-08 price GLD                                89.11 USD
2017-09-15 price VBMPX                              94.47 USD
2017-09-15 price RGAGX                             120.30 USD
2017-09-15 price ITOT                              133.46 USD
2017-09-15 price VEA                                88.24 USD
2017-09-15 price VHT                               187.56 USD
2017-09-15 price GLD                                88.59 USD
2017-09-22 price VBMPX                              97.05 USD
2017-09-22 price RGAGX                             122.22 USD
2017-09-22 price ITOT                              134.26 USD
2017-09-22 price VEA                                88.77 USD
2017-09-22 price VHT                               187.54 USD
2017-09-22 price GLD                                90.64 USD
2017-09-29 price VBMPX                              97.32 USD
2017-09-29 price RGAGX                             123.15 USD
2017-09-29 price ITOT                              137.19 USD
2017-09-29 price VEA                                89.94 USD
2017-09-29 price VHT                               187.05 USD
2017-09-29 price GLD                                91.53 USD
2017-10-06 price VBMPX                             100.19 USD
2017-10-06 price RGAGX                             123.42 USD
2017-10-06 price ITOT                              134.46 USD
2017-10-06 price VEA                                91.12 USD
2017-10-06 price VHT                               187.22 USD
2017-10-06 price GLD                                89.42 USD
2017-10-13 price VBMPX                              99.31 USD
2017-10-13 price RGAGX                             122.40 USD
2017-10-13 price ITOT                              135.79 USD
2017-10-13 price VEA                                90.90 USD
2017-10-13 price VHT                               189.06 USD
2017-10-13 price GLD                                90.06 USD
2017-10-20 price VBMPX                              98.38 USD
2017-10-20 price RGAGX                             121.97 USD
2017-10-20 price ITOT                              136.18 USD
2017-10-20 price VEA                                92.56 USD
2017-10-20 price VHT                               190.37 USD
2017-10-20 price GLD                                90.17 USD
2017-10-27 price VBMPX                             100.03 USD
2017-10-27 price RGAGX                             122.46 USD
2017-10-27 price ITOT                              139.46 USD
2017-10-27 price VEA                                92.66 USD
2017-10-27 price VHT                               190.12 USD
2017-10-27 price GLD                                92.05 USD
2017-11-03 price VBMPX                              98.81 USD
2017-11-03 price RGAGX                             123.14 USD
2017-11-03 price ITOT                              134.52 USD
2017-11-03 price VEA                                91.28 USD
2017-11-03 price VHT                               189.50 USD
2017-11-03 price GLD                                94.04 USD
2017-11-10 price VBMPX                             100.36 USD
2017-11-10 price RGAGX                             123.37 USD
2017-11-10 price ITOT                              134.06 USD
2017-11-10 price VEA                                91.60 USD
2017-11-10 price VHT                               191.47 USD
2017-11-10 price GLD                                92.29 USD
2017-11-17 price VBMPX                             102.31 USD
2017-11-17 price RGAGX                             124.16 USD
2017-11-17 price ITOT                              136.87 USD
2017-11-17 price VEA                                91.85 USD
2017-11-17 price VHT                               195.89 USD
2017-11-17 price GLD                                91.19 USD
2017-11-24 price VBMPX                             103.55 USD
2017-11-24 price RGAGX                             124.75 USD
2017-11-24 price ITOT                              139.65 USD
2017-11-24 price VEA                                91.95 USD
2017-11-24 price VHT                               197.69 USD
2017-11-24 price GLD                                91.61 USD
2017-12-01 price VBMPX                             104.07 USD
2017-12-01 price RGAGX                             123.85 USD
2017-12-01 price ITOT                              138.98 USD
2017-12-01 price VEA                                91.57 USD
2017-12-01 price VHT                               198.48 USD
2017-12-01 price GLD                                93.58 USD



* Cash

